1923 3288
821 194 1112 232 —14—

185 328 290 369 sit&
340 325 543 374 Accedit,
580 322 699 378 quod
721 321 989 364 vocabulum
1013 319 1262 372 ἀλεξίκακοι
1285 319 1403 374 quod
1436 318 1519 359 hac
1552 317 1748 359 lectione

187 398 430 453 praebetur
461 395 518 436 ad
548 407 710 435 aureae
743 391 909 434 aetatis
934 391 1201 432 daemonum
1233 394 1438 431 naturam
1473 393 1518 430 et
1550 388 1749 430 indolem

188 469 244 510 de
278 482 364 523 qua
407 480 540 521 supra
573 462 803 519 disputavi
836 462 1005 517 optime
1040 461 1244 516 quadrat.
1308 460 1426 502 Nolo
1466 463 1617 501 tamen
1652 474 1749 501 cum

188 539 271 580 Ed.
296 538 481 593 Meyero
515 536 561 577 in
594 549 729 576 versu
766 536 844 574 191
881 547 904 574 e
937 532 1130 573 Platone
1164 530 1291 585 μοῖρ’Α
1314 531 1513 584 ἐκάλυψε
1535 530 1750 585 recipere,

186 609 295 664 quia
328 608 464 649 etiam
498 607 544 648 in
578 621 618 647 v.
646 607 728 646 140
762 603 838 659 qui
871 602 1112 644 manifeste
1136 616 1314 643 versum
1347 602 1426 642 121
1462 601 1630 656 repetit
1661 600 1754 653 γαῖ

189 679 388 732 ἐκάλυψε
424 677 606 732 legitur.

788 770 856 813 De
890 780 1031 813 versu
1069 769 1166 812 132.

310 867 363 908 In
387 867 471 908 1100
488 880 620 908 versu
642 864 908 907 inferiorum
933 863 1139 905 codicum
1161 862 1405 904 lectionem
1432 860 1608 915 ἡβήσειε
1629 874 1756 916 prae-

189 938 348 990 feram,
383 937 487 993 quia
519 952 609 978 non
643 940 724 986 est,
760 950 838 977 cur
870 935 1008 977 verba
1034 934 1192 988 ἡβήσαι
1218 937 1263 975 et
1296 932 1406 987 ἥβης
1427 934 1592 986 μέτρον
1617 932 1754 973 ἵκοιτο

189 1010 356 1065 quibus
389 1009 507 1050 idem
532 1007 818 1064 significatur
840 1006 1075 1062 particulis
1101 1020 1146 1047 τε
1170 1032 1222 1035 -
1246 1006 1315 1046 καὶ
1343 1005 1695 1059 distinguantur.

406 1140 474 1182 De
508 1139 738 1182 heroibus
772 1148 870 1180 non
904 1139 1016 1190 post
1049 1136 1311 1179 Hesiodum
1347 1135 1553 1179 insertis.

315 1229 447 1270 Hanc
479 1226 753 1269 narrationis
787 1230 962 1281 partem
994 1228 1098 1280 post
1126 1224 1462 1266 Kirchhoffium
1494 1237 1638 1279 nuper
1668 1223 1759 1264 He-

192 1300 324 1344 ·siodo
359 1298 638 1340 abiudicavit
671 1297 725 1339 G.
751 1297 1001 1346 Raddatz'2,
1037 1311 1135 1338 cum
1169 1295 1361 1351 protulit
1391 1294 1599 1336 Platonis
1633 1294 1679 1335 in
1711 1307 1759 1335 re

196 1371 379 1428 publica
411 1370 559 1412 locum
592 1369 718 1419 VIII,
763 1384 804 1424 p.
830 1371 953 1418 546e‚
997 1367 1075 1409 ubi
1117 1366 1414 1422 philosophus
1449 1365 1582 1407 dicit:
1627 1366 1673 1407 ἐκ
1713 1365 1759 1406 ὸὲ

200 1443 375 1484 τούτων
408 1441 620 1495 ἄρχοντες
659 1441 711 1482 οὗ
745 1441 865 1481 πάνυ
900 1439 1136 1493 φυλακικοὶ
1172 1439 1531 1491 καταστήσονται
1563 1437 1678 1489 πρὸς
1710 1436 1760 1478 τὸ

198 1513 453 1567 δοκιμάζειν
476 1512 529 1554 τὰ
561 1511 770 1553 (Ησιόὸου
804 1512 874 1552 καὶ
912 1510 964 1552 τὰ
987 1509 1100 1562 παρ’
1125 1511 1231 1564 ἡμῖν
1253 1511 1369 1563 γένη,
1400 1511 1599 1562 χρυσοῦν
1621 1522 1667 1549 τε
1689 1508 1759 1549 καὶ

198 1585 423 1637 ἀργυροῦν
455 1585 524 1625 καὶ
556 1583 754 1637 χαλκοῦν
786 1583 856 1624 καὶ
893 1583 1118 1636 σιὸηροῦν.
1169 1580 1281 1622 Cum
1314 1580 1522 1621 hocloco
1547 1581 1761 1634 quattuor

197 1659 375 1698 tantum
410 1657 814 1696 commemorentur
846 1656 1021 1694 aetates
1055 1666 1080 1694 a
1115 1651 1310 1693 metallis
1344 1650 1616 1700 nominatae,
1661 1649 1763 1690 Pla-

194 1730 354 1769 tonem
387 1726 572 1767 heroum
595 1728 791 1766 aetatem
824 1724 871 1765 111
904 1723 1163 1765 narratione
1196 1737 1285 1764 non
1308 1721 1490 1764 novisse
1515 1720 1762 1762 contendit.

196 1797 292 1840 Sed
336 1797 410 1838 hic
454 1796 578 1838 locus
623 1810 723 1837 mea
768 1795 948 1851 quidem
994 1794 1222 1836 sententia
1264 1793 1320 1835 ad
1361 1797 1559 1835 aetatem
1600 1792 1764 1847 impro-

201 1868 395 1910 bandam
428 1882 517 1909 non
552 1867 698 1921 magis
722 1866 856 1916 valet,
893 1880 1023 1920 quam
1048 1864 1166 1920 quod
1199 1864 1317 1920 apud
1341 1863 1557 1906 Ovidium
1585 1866 1630 1905 et
1653 1862 1765 1904 alios

200 1943 360 1996 poetas
383 1939 613 1980 Romanos
638 1942 852 1993 quattuor
884 1940 1061 1978 tantum
1095 1939 1269 1978 aetates
1294 1937 1626 1977 enumerantur.
1682 1932 1767 1975 Cui

201 2011 323 2054 enim
355 2014 458 2066 post
480 2010 687 2051 Platonis
720 2012 894 2064 tempus
928 2008 973 2049 111
1007 2011 1204 2049 mentem
1237 2007 1393 2049 venire
1425 2005 1576 2062 potuit
1606 2005 1767 2047 heroes

200 2082 249 2124 in
281 2081 589 2124 narrationem
622 2079 896 2123 Hesiodeam
928 2077 1161 2120 inserere?
1214 2078 1314 2119 Hoc
1349 2076 1450 2118 fieri
1482 2091 1572 2118 non
1604 2075 1766 2131 potuit,

201 2152 292 2195 nisi
335 2167 387 2194 eo
421 2156 626 2207 tempore
660 2165 747 2206 quo
782 2164 895 2206 quae
930 2149 1205 2191 carminibus
1238 2147 1498 2190 Homericis
1530 2149 1770 2188 narrantur

203 2224 398 2266 maxime
432 2223 678 2278 viguerunt
712 2226 757 2263 et
791 2221 1103 2263 credebantur.
1170 2220 1270 2261 Hoc
1302 2219 1401 2274 ipso
1434 2217 1628 2260 Hesiodi
1661 2220 1770 2259 tem-

203 2309 313 2351 pore
348 2298 457 2338 erat.
522 2293 730 2335 Platonis
764 2298 913 2334 autem
948 2291 1227 2347 temporibus
1262 2290 1424 2346 quibus
1458 2288 1663 2330 homines
1697 2287 1771 2329 he-

204 2381 332 2408 roum
365 2365 499 2407 factis
533 2379 620 2406 non
655 2378 796 2419 aeque
829 2363 1127 2405 movebantur
1159 2365 1335 2404 tantum
1370 2361 1537 2411 aberat,
1577 2363 1626 2401 ut
1659 2359 1771 2400 11300

204 2442 332 2479 aetas
377 2437 666 2486 insereretur,
710 2439 760 2476 ut
802 2434 879 2490 qui
923 2448 1020 2476 eam
1062 2433 1270 2488 legerent
1301 2431 1376 2474 vel
1409 2431 1693 2473 offenderent
1725 2430 1772 2471 in

207 2523 272 2559 ea,
323 2508 427 2562 quia
476 2506 759 2548 metallorum
809 2505 972 2547 seriem
1021 2503 1323 2559 interrumpit.
1388 2503 1487 2544 Hac
1535 2502 1590 2544 de
1638 2515 1771 2543 causa

207 2579 340 2620 Plato
381 2578 477 2620 eius
511 2577 734 2619 rationem
773 2591 862 2618 non
894 2575 1066 2617 habuit.
1131 2574 1397 2630 Antiquitas
1430 2576 1580 2614 autem
1613 2572 1773 2613 horum

207 2664 419 2691 versuum
461 2649 630 2704 optime
675 2648 1010 2690 demonstratur
1053 2646 1203 2688 verbis
1246 2659 1402 2687 versus
1449 2647 1529 2685 163
1577 2643 1774 2697 μήλων

332 2782 341 2799 ¹
369 2780 508 2824 Itaque
542 2790 619 2814 non
657 2783 727 2817 est.
765 2790 831 2814 our
856 2781 1068 2824 propterea
1104 2777 1152 2812 de
1179 2778 1312 2812 textus
1339 2775 1527 2811 Hesiodei
1555 2775 1633 2810 fide
1659 2773 1774 2810 nimis

210 2839 448 2874 dubitemus.
1711 2839 1713 2842 ·

333 2899 346 2917 ²
372 2898 432 2932 De
466 2898 693 2932 Promethei
727 2897 858 2932 fabula
893 2897 1093 2932 Hesiodea
1119 2923 1126 2931 .
1153 2923 1160 2931 .
1185 2923 1192 2930 .
1238 2895 1328 2930 diss.
1359 2893 1636 2940 Gryphisvald.
1673 2894 1775 2937 1909,

211 2969 250 3002 p.
276 2959 322 2992 28
349 2956 481 2991 adnot.
