1923 3288
862 219 1151 257 -30ffl

228 348 371 403 igitur
403 362 491 388 non
515 346 647 401 plane
673 346 812 387 deest.
860 345 1109 400 Praecipue
1134 359 1187 386 ex
1210 360 1262 387 eo
1286 345 1403 400 quod
1435 345 1481 386 in
1516 348 1614 402 ipsa
1638 350 1786 387 aetate

229 422 442 461 externae
466 417 587 457 vitae
612 416 915 471 descriptione
949 416 1139 470 abrupta
1172 416 1319 457 subito
1353 416 1409 457 ad
1441 416 1587 457 fusam
1620 416 1674 458 de
1697 432 1786 457 mo-

230 490 353 530 ribus
396 487 749 543 disputationem
792 487 1013 528 transitur
1044 486 1295 528 Hesiodum
1339 491 1582 541 argenteae
1624 487 1786 529 aetatis

230 559 580 614 descriptionem
615 557 836 613 quandam
878 557 1108 613 accepisse
1151 557 1298 599 elucet
1337 561 1382 599 et
1415 562 1610 599 aetatem
1644 558 1785 613 ipsam

229 633 334 671 ante
368 643 467 670 eum
501 629 746 670 exstitisse.
794 629 847 669 In
880 629 959 670 illa
992 631 1204 670 externae
1236 628 1359 670 vitae
1394 628 1638 684 descriptio
1670 643 1788 670 nunc

230 705 332 755 post
365 700 543 741 initium
578 699 769 755 abrupta
801 703 943 741 totam
971 699 1111 741 vitam
1144 699 1384 740 humanam
1417 699 1786 755 amplectebatur.

231 770 459 812 Hesiodus
494 785 591 812 eam
625 770 920 825 amputavit¹‚
963 774 1013 811 ut
1052 784 1122 811 res
1158 784 1270 825 quae
1305 770 1400 811 eius
1434 770 1684 812 intererant
1717 784 1788 811 ex-

229 846 431 897 poneret.
496 841 687 882 Hesiodi
736 841 878 893 igitur
926 844 993 882 est
1041 844 1138 882 tota
1183 840 1237 882 de
1282 841 1480 882 moribus
1526 841 1787 896 disputatio.

230 913 357 954 Haec
390 912 444 953 ab
479 912 664 966 antiqua
707 915 951 966 argenteae
985 912 1149 953 aetatis
1183 911 1488 967 descriptione
1521 927 1610 953 non
1643 911 1788 953 minus

230 983 378 1024 aliena
422 987 518 1024 erat
561 997 691 1037 quam
735 983 789 1023 ab
832 997 967 1023 aurea
1000 987 1163 1024 aetate.
1229 983 1356 1024 Haec
1389 986 1538 1024 autem
1573 986 1642 1024 est
1676 996 1788 1037 quae

232 1055 425 1095 maxime
458 1053 631 1094 nomini
664 1056 901 1108 repugnat.
966 1053 1183 1094 Videmus
1225 1053 1369 1108 igitur
1401 1053 1576 1095 metalli
1610 1068 1789 1095 sensum

229 1125 517 1166 obscuratum
560 1138 672 1175 esse,
718 1124 835 1179 quod
879 1124 1123 1179 descriptio
1157 1124 1320 1165 aetatis
1354 1128 1525 1166 mutata
1559 1128 1641 1166 est.
1704 1124 1791 1165 Pu-

229 1195 415 1237 ta-ndum
451 1200 520 1237 est
553 1209 715 1236 nomen
748 1198 793 1236 et
827 1195 1176 1250 descriptionem
1210 1195 1353 1250 primo
1388 1195 1685 1237 consensisse.

351 1266 570 1308 Venimus
619 1266 675 1307 ad
725 1280 908 1308 aeneam
957 1269 1167 1307 aetatem.
1247 1266 1470 1321 Repetam
1518 1265 1791 1321 gravissima

230 1351 344 1393 quae
390 1351 522 1392 supra
569 1337 823 1378 statuimus
888 1337 1015 1378 Haec
1059 1342 1185 1379 aetas
1230 1337 1354 1379 nullo
1396 1337 1527 1379 modo
1571 1337 1626 1378 ad
1670 1340 1790 1379 ante-

231 1408 444 1450 cedentes
478 1407 676 1463 respicit.
741 1408 899 1462 Neque
932 1408 1054 1449 vitae
1088 1419 1301 1450 externae
1334 1422 1478 1463 neque
1511 1423 1682 1449 morum
1717 1407 1790 1449 de·

230 1478 436 1534 pravatio
478 1478 753 1534 producitur.
818 1479 993 1520 Nomen
1035 1479 1172 1521 aetati
1215 1479 1300 1534 ipsi
1342 1479 1510 1534 optime
1544 1493 1789 1520 accommo-

233 1550 398 1600 datum,
435 1549 472 1590 si
496 1549 839 1591 antecedentem
863 1550 1142 1605 respicimus,
1168 1550 1407 1591 offensioni
1431 1555 1512 1600 est,
1543 1550 1644 1604 quia
1666 1550 1789 1591 nullo

233 1621 378 1671 modo,
414 1636 491 1662 cur
524 1621 634 1662 haec
668 1621 825 1663 melior
859 1621 931 1671 sit,
966 1621 1263 1676 intellegitur.
1314 1621 1385 1663 Ad
1409 1635 1520 1676 quae
1544 1621 1633 1662 alia
1666 1635 1790 1663 acce-

233 1692 357 1734 dunt.
422 1692 598 1734 Nomen
639 1707 728 1733 non
770 1692 915 1747 magis
958 1696 1111 1747 aptum
1154 1698 1235 1742 est,
1279 1692 1317 1734 si
1358 1692 1551 1734 ferream
1593 1696 1790 1734 aetatem

233 1766 499 1818 spectamus.
564 1763 690 1804 Haec
724 1766 844 1804 certe
880 1763 1117 1804 deterrima
1154 1768 1235 1804 est.
1295 1764 1453 1818 Neque
1485 1777 1593 1805 vero
1627 1762 1790 1804 ferrum

233 1849 347 1882 aere
379 1834 513 1876 vilius
557 1838 638 1885 est,
682 1834 816 1876 immo
859 1834 1106 1890 putandum
1149 1838 1218 1876 est
1259 1834 1425 1876 terrum
1467 1834 1547 1876 illo
1589 1839 1791 1889 tempore

233 1905 375 1947 multo
423 1905 523 1961 plus
567 1905 787 1955 valuisse,
838 1905 1048 1960 quoniam
1092 1919 1172 1961 per
1216 1905 1429 1947 maiorem
1476 1905 1687 1947 duritiem
1736 1905 1792 1946 ad

234 1977 554 2032 agriculturam
606 1977 763 2018 utilius
809 1977 916 2018 est'2.
981 1976 1140 2032 Itaque
1186 1991 1353 2018 aeneae
1398 1976 1563 2018 aetatis
1610 1976 1791 2018 nomine

233 2048 519 2090 metallorum
573 2048 711 2089 series
766 2062 896 2103 quam
952 2062 1083 2103 supra
1134 2051 1394 2089 constanter
1442 2047 1792 2089 descendentem

235 2119 491 2174 significavi
516 2119 709 2174 quodam
732 2119 864 2160 modo
898 2119 1255 2174 interrumpitur.
1300 2119 1460 2174 Neque
1493 2118 1792 2160 omittendum

233 2195 316 2241 est,
361 2190 476 2245 quod
516 2190 723 2232 versibus
760 2193 987 2231 150—151
1032 2190 1211 2246 propria
1254 2190 1517 2232 nominandi
1558 2189 1674 2231 ratio
1718 2189 1792 2230 ad-

234 2261 429 2303 hibetur.
492 2261 696 2312 Accedit,
742 2261 859 2316 quod
902 2276 1047 2316 neque
1081 2261 1217 2303 verba
1261 2260 1366 2303 οὐόέ
1398 2276 1439 2303 τι
1472 2265 1597 2302 σῖτον
1629 2260 1793 2315 ἤσθιον

235 2335 294 2386 (v.
322 2335 569 2386 146—147)
601 2346 713 2387 quae
747 2332 802 2373 ad
826 2332 1072 2387 imaginem
1096 2333 1240 2388 ipsam
1264 2332 1432 2388 optime
1455 2332 1792 2373 accommodata

235 2418 335 2445 esse
354 2404 564 2454 vidimus⁷
584 2404 630 2445 in
649 2404 920 2445 narrationis
940 2418 1183 2459 progressu
1201 2419 1289 2445 non
1307 2403 1649 2458 intelleguntur.
1672 2403 1793 2445 Num

235 2475 346 2516 haec
393 2475 450 2516 ad
498 2475 620 2516 aurei
670 2475 837 2516 saeculi
882 2474 1023 2516 vitam
1070 2474 1306 2516 referenda
1352 2474 1486 2515 sunt?
1548 2474 1793 2515 Praeterea

234 2560 373 2587 aenea
408 2554 532 2587 aetas
556 2545 692 2587 etiam
725 2545 813 2586 alia
845 2560 893 2587 re
926 2546 972 2586 in
994 2545 1265 2587 narrationis
1287 2559 1530 2600 progressu
1553 2544 1791 2587 offensioni

236 2619 317 2657 est.
367 2616 519 2657 Verba
542 2618 701 2669 ποίησε
721 2651 727 2658 .
751 2650 757 2657 .
780 2650 787 2657 .
809 2617 855 2658 ἐκ
877 2616 1035 2669 μελιᾶν
1058 2618 1115 2669 (v.
1144 2618 1242 2669 145)
1278 2630 1390 2670 quae
1424 2616 1478 2656 ab
1502 2615 1584 2660 Ed.
1608 2615 1792 2671 Meyero

234 2689 355 2728 recte
389 2686 611 2741 explicata
655 2691 771 2737 sunt,
817 2687 871 2728 de
914 2687 1069 2742 primis
1112 2686 1294 2728 humani
1326 2686 1509 2741 generis
1542 2686 1685 2727 initiis
1719 2686 1792 2727 hic

356 2805 364 2823 ¹
392 2803 488 2838 Inde
514 2804 683 2838 fortasse
717 2814 899 2839 versuum
927 2805 995 2838 1230
1009 2815 1092 2848 sqq.
1119 2803 1218 2838 vitia
1250 2804 1338 2838 orta
1363 2805 1455 2838 sunt
1482 2814 1581 2848 quae
1607 2804 1794 2838 notantur

236 2863 340 2908 apud
367 2863 666 2898 Goettl.-Flach.
1693 2864 1696 2867 “

355 2923 367 2941 “-’
394 2922 491 2957 Cum
517 2923 676 2967 poetam
703 2922 849 2956 ferrum
873 2922 996 2967 pluris
1024 2933 1111 2957 esse
1138 2921 1334 2956 conscium
1360 2922 1482 2956 fuisse
1515 2932 1561 2956 ex
1586 2921 1683 2966 ipsis
1709 2931 1792 2955 ver-

235 2981 342 3016 sibus
370 2983 552 3015 150-151
582 2981 768 3027 colligere
793 2981 923 3024 liceat,
949 2981 1046 3016 haec
1072 2981 1237 3016 offensio
1266 2981 1429 3016 alicuius
1455 2980 1645 3015 momenti
1674 2985 1745 3016 est.
