1923 3288
738 256 791 258 .-
855 232 1024 270 ΕΙ.-

220 358 423 415 Apparet
456 358 497 400 ei
521 358 594 413 qui
618 362 776 413 poetae
802 358 1036 399 consilium
1061 374 1331 414 (·s‹s›gnoscere
1354 359 1450 400 vult
1475 360 1655 401 minime

100 431 161 472 ab
200 445 333 472 aurea
375 432 522 470 aet-ate
566 428 941 483 proficiscendum
986 444 1095 470 esse.
1161 429 1272 483 Quia
1318 430 1431 471 hanc
1465 430 1655 471 maxime

102 503 408 556 respexerunt,
452 499 582 540 multi
624 498 894 555 interpretes
928 500 1197 541 narrationis
1232 515 1407 541 sensum
1442 516 1527 541 non
1562 515 1658 556 per-

104 574 332 627 ceperunt,
373 570 496 612 velut
538 570 671 611 Lisco
714 570 787 625 qui
830 585 926 611 eam
969 571 1174 612 miseriae
1215 571 1432 612 humanae
1466 571 1658 626 explica-

101 642 273 684 tionem
305 640 571 683 intellexit1.
620 640 747 682 Haec
779 655 849 681 res
884 656 1013 695 quam
1046 641 1091 682 in
1126 641 1377 696 antiquiore
1401 642 1656 683 narratione.

100 712 355 768 expositam
402 711 540 753 fuisse
588 711 782 753 vidimus
831 712 948 766 apud
995 712 1243 753 Hesiodum
1292 712 1421 767 plane
1471 712 1653 753 recedit.

103 783 255 825 Etiam
292 782 438 838 inagis
470 782 765 837 improbanda
798 786 865 823 est
900 782 1121 823 ¹sententia
1147 783 1500 824 Friedlaenderi:
1541 783 1659 834 „Der

102 854 290 910 Mythus
312 869 400 896 von
430 853 515 894 den
541 852 807 894 &Veltaltern
832 852 913 893 soll
937 852 1189 903 gleichfalls
1214 855 1278 907 (ut
1312 854 1580 894 antecedens
1605 853 1658 894 de

102 926 225 968 (10110
258 928 413 981 aperto
446 924 614 977 fabula)
650 924 728 965 das
761 923 930 965 Dasein
966 924 1042 964 des
1075 924 1216 976 πόνος
1248 924 1527 965 011(13”1·011.“2
1589 923 1659 964 Ad

104 997 222 1039 hunc
263 996 309 1037 in
350 995 607 1037 narratione
642 995 870 1037 Hesiodea
902 994 978 1036 vix
1011 994 1238 1036 alluditur.
1301 995 1369 1037 Ne
1403 993 1660 1049 antiquissi-

105 1082 204 1109 mae
237 1067 415 1123 quidem
437 1065 708 1107 narrationis
732 1070 1045 1117 argumentum
1070 1065 1363 1119 significatur,
1399 1064 1499 1120 quia
1525 1064 1657 1106 etiam

105 1139 152 1181 in
184 1139 262 1180 illa
292 1153 382 1179 non
416 1137 558 1179 solum
592 1137 644 1178 de
678 1137 905 1178 laboribus
930 1137 1007 1177 ¹sed
1031 1136 1083 1177 de
1107 1140 1202 1177 toto
1226 1136 1344 1177 vitae
1370 1139 1489 1176 statu
1512 1141 1656 1176 actum

106 1213 188 1259 est,
222 1212 273 1251 ut
304 1223 465 1250 aureae
499 1208 663 1249 aetatis
697 1207 998 1262 descriptione
1034 1221 1304 1261 cognosc-fere
1337 1206 1455 1247 licet.
1505 1206 1660 1261 Neque

105 1281 158 1323 E.
181 1280 366 1335 Meyero
407 1279 650 1321 concedere
690 1293 870 1334 possum
906 1278 1154 1319 Hesiodum
1187 1278 1371 1319 fratrem
1404 1277 1660 1318 narratione

107 1352 244 1394 etiam
277 1351 333 1393 ad
373 1350 666 1392 laborandum
699 1349 887 1391 incitare
922 1349 1078 1391 velle³³.
1143 1348 1242 1389 Hoc
1275 1348 1395 1389 nullo
1429 1348 1564 1389 verbo
1598 1347 1662 1388 in-

104 1423 294 1465 dicatur.
360 1421 446 1463 Sed
486 1422 677 1463 fortasse
720 1421 883 1462 dixerit
918 1420 1138 1475 quispiam
1171 1434 1312 1474 neque
1346 1419 1390 1460 id
1425 1419 1542 1474 quod
1575 1433 1658 1470 egro

102 1576 276 1612 invenit:
314 1575 416 1618 „Der
442 1575 554 1621 Weg,
590 1574 665 1609 den
698 1574 749 1609 du
775 1574 892 1619 gelist
911 1600 918 1607 .
939 1601 945 1607 .
966 1601 972 1607 .
992 1573 1099 1607 fiihrt
1124 1572 1184 1607 ins
1211 1571 1450 1615 Verderben,
1486 1582 1552 1605 ans
1580 1570 1659 1604 ilnn

103 1635 300 1671 erwachst
335 1635 403 1669 das
437 1633 769 1670 fortschreitende
796 1632 922 1667 Elend
957 1643 1118 1666 unserer
1144 1631 1233 1666 Zeit
1252 1657 1258 1665 .
1280 1658 1286 1664 .
1308 1658 1315 1666 .
1334 1630 1426 1676 fuge
1460 1630 1549 1664 dich
1585 1629 1660 1664 den

106 1696 307 1731 Gesetzen
334 1694 404 1729 der
428 1694 556 1737 Αἳὸως
582 1692 660 1727 und
687 1692 850 1735 Νέμεσις
868 1719 875 1726 .
896 1719 903 1726 .
924 1695 952 1725 .“
983 1694 1032 1735 (p.
1055 1692 1147 1732 187).
1191 1689 1270 1724 Sed
1295 1701 1373 1724 non
1400 1691 1506 1724 recte
1532 1689 1663 1723 futura

106 1753 159 1789 ad
183 1753 304 1788 verba
339 1753 511 1798 accepit:
550 1752 677 1795 ⁷,Aber
701 1750 976 1797 gegenwartig
1010 1750 1062 1784 ist
1098 1749 1166 1784 das
1193 1742 1293 1783 [fbel
1328 1749 1428 1783 noch
1454 1748 1494 1782 in
1521 1748 1663 1782 vollem

107 1812 423 1848 Fortschreiten“
454 1815 505 1856 (p.
527 1814 620 1848 185).

229 1874 239 1892 ¹
267 1871 526 1916 Quaestiones
553 1870 778 1905 Hesiodeae
804 1880 840 1914 p.
860 1871 916 1903 130.

228 1931 241 1950 '²
266 1931 290 1965 l.
310 1941 342 1966 a.
368 1941 406 1976 p.
425 1931 504 1966 803.
556 1929 716 1964 Minime
751 1928 1014 1963 necessarium
1050 1928 1111 1961 est
1142 1929 1299 1971 poetam
1334 1926 1406 1959 hac
1441 1923 1663 1959 narratione

108 1989 214 2025 idem
248 1990 351 2024 velle
387 1990 507 2034 atque
541 1988 815 2023 antecedente.
866 1986 1000 2029 Immo.
1035 1987 1078 2020 ut
1113 1985 1153 2020 in
1188 1985 1313 2030 prima
1349 1984 1517 2028 Operum
1552 1984 1664 2027 parte

107 2060 186 2095 qua
201 2049 249 2084 de
268 2049 417 2084 duabus
436 2047 755 2083 contentionibus
775 2046 935 2081 disserit
948 2045 1114 2090 primum
1130 2045 1179 2079 de
1193 2043 1391 2079 laboribus
1406 2041 1664 2086 suscipiendis

108 2109 254 2144 deinde
281 2108 330 2143 de
356 2108 511 2143 iustitia
537 2107 679 2153 agitur,
705 2107 762 2140 ita
789 2105 908 2140 etiam
934 2103 1361 2139 harum*narrationum
1388 2102 1512 2146 prima
1539 2100 1587 2134 ad
1612 2100 1664 2134 la-

109 2167 245 2203 borem
281 2168 403 2210 (recte
428 2167 552 2201 Fuss
578 2178 614 2211 p.
634 2167 678 2200 33
706 2166 739 2199 A
758 2167 793 2200 51
832 2164 957 2198 altera
992 2163 1160 2197 maxime
1194 2162 1243 2196 ad
1278 2160 1470 2195 iustitiam
1498 2159 1664 2204 spectat.

109 2227 197 2262 Hoc
214 2226 319 2261 inter
335 2225 582 2261 narrationes
600 2224 848 2259 intercedere
867 2222 1015 2267 optime
1035 2221 1221 2267 cognovit
1239 2220 1264 2255 S
1276 2220 1345 2255 tei
1359 2221 1376 2253 t
1388 2230 1428 2253 z:
1459 2219 1523 2261 „In
1544 2218 1665 2261 jenen

108 2287 257 2322 Versen
277 2296 357 2320 war
373 2296 447 2320 nur
463 2295 540 2320 von
559 2284 635 2319 den
654 2282 826 2318 ausseren
845 2281 1141 2315 Vei-haltnissen
1161 2280 1224 2314 die
1242 2278 1364 2321 Rede.
1383 2278 1452 2312 der
1469 2276 1667 2322 Leichtig-

111 2345 196 2380 keit
231 2345 300 2380 des
336 2343 491 2379 Lebens
523 2344 657 2378 frfiher
694 2342 773 2377 und
812 2341 888 2375 den
926 2339 1290 2385 Schwierigkeiten‚
1330 2338 1401 2372 mit
1439 2336 1565 2371 denen
1604 2335 1667 2369 (lie

111 2404 325 2440 Menschen
354 2403 460 2448 jetzt
492 2415 539 2438 zu
574 2402 759 2447 kampfen
794 2400 932 2434 haben.
983 2399 1123 2433 Dieses
1152 2398 1324 2433 Gedicht
1348 2396 1544 2441 hingegen
1571 2394 1667 2429 hebt

110 2474 183 2499 vor
209 2463 325 2498 anem
352 2462 416 2497 die
435 2461 705 2497 zunehmende
732 2459 964 2494 moralische
982 2457 1221 2493 Verderbnis
1247 2457 1408 2491 herv0r“
1431 2455 1468 2498 (l.
1489 2466 1520 2488 a.
1539 2465 1575 2499 p.
1595 2454 1665 2489 52).

231 2523 244 2541 ³
269 2521 293 2556 1.
314 2532 346 2556 a.
371 2532 408 2566 p.
430 2523 495 2556 187
529 2520 570 2555 in
605 2520 682 2554 fine
710 2517 1064 2553 commentationis.
1116 2516 1316 2560 Meyerum
1343 2514 1465 2549 multa
1492 2524 1513 2548 e
1539 2523 1666 2547 narra-

110 2582 223 2617 tione
250 2580 431 2616 elicuisse
459 2590 558 2624 quae
583 2578 762 2613 versibus
793 2576 952 2612 traditis
979 2575 1139 2609 minime
1165 2574 1398 2615 indicantur⁷
1433 2572 1587 2617 saepius
1613 2570 1667 2605 vi-

112 2641 253 2676 dimus.
293 2639 508 2684 Praecipue
534 2638 574 2673 in
601 2638 729 2673 ferrea
756 2638 888 2671 aetate
907 2634 1139 2679 explicanda
1164 2634 1237 2668 hoc
1255 2632 1372 2667 modo
1392 2631 1486 2677 egit.
1524 2630 1668 2665 Facere

110 2710 191 2735 non
217 2709 388 2744 possum,
416 2697 509 2742 quin
526 2709 643 2732 unam
670 2695 918 2741 praecipuam
946 2705 1028 2728 rem
1048 2702 1360 2728 commemorem.
1402 2691 1458 2725 Ex
1478 2700 1536 2733 eo⁷
1564 2688 1668 2733 quod

112 2759 242 2793 ferrea
269 2758 378 2792 aetas
406 2767 528 2791 aenea
558 2756 670 2802 peior
697 2756 757 2789 est
784 2755 825 2788 et
850 2755 970 2798 poeta
996 2752 1173 2787 versibus
1200 2751 1383 2785 150—151
1412 2748 1510 2784 scire
1545 2759 1586 2782 se
1612 2747 1667 2781 in-

112 2817 222 2852 dicat
249 2816 341 2851 olim
367 2815 511 2850 ferrum
547 2826 625 2850 non
660 2814 780 2848 fuisse
807 2813 955 2856 notum7
991 2811 1109 2846 immo
1137 2820 1226 2845 aere
1252 2809 1428 2843 homines
1454 2817 1544 2842 usos
1572 2816 1669 2848 esse,

114 2876 330 2912 Hesiodum
366 2876 506 2919 putare
542 2873 694 2918 colligit
729 2872 835 2906 cultu
870 2872 1070 2905 crescente
1107 2879 1234 2903 mores
1272 2866 1477 2912 depravari
1504 2874 1554 2910 (p.
1585 2865 1668 2907 1843

118 2937 211 2979 187).
262 2933 341 2969 Sed
375 2932 544 2967 transitu
579 2933 626 2966 ab
662 2942 752 2966 aere
787 2930 835 2965 ad
870 2929 1016 2964 ferrum
1050 2929 1170 2974 poeta
1202 2926 1360 2961 minime
1387 2923 1667 2969 ‘intellegendi'

112 2994 181 3030 vel
205 2993 345 3028 ‘cultus
372 2991 634 3037 progressum’
661 2989 835 3024 indicare
862 2988 957 3023 vult.
