1923 3288
742 201 1031 239 —19—

109 327 317 370 omnibus
359 327 492 369 rebus
535 341 643 381 quas
685 327 889 369 homines
933 342 1069 383 aegre
1112 328 1262 370 ferunt
1295 333 1340 370 et
1371 328 1665 383 possidebant

109 398 260 440 omnia
293 412 405 453 quae
438 397 642 439 homines
675 402 906 453 appetunt.
971 398 1059 440 Sed
1092 402 1304 442 externae
1335 404 1510 441 tantum
1542 399 1664 441 vitae

107 469 261 524 imago
291 468 436 518 datur,
469 468 594 509 nullo
617 469 755 510 verbo
779 482 924 512 mores
946 469 1126 510 illorum
1149 469 1379 511 hominum
1401 474 1663 524 tanguntur.

106 540 435 595 Exspectamus
468 539 611 594 igitur
642 544 821 594 poetam
854 540 1127 595 procedente
1159 541 1417 582 narratione
1441 555 1664 597 exponere

105 610 238 662 velle,
282 610 504 665 quomodo
537 610 612 651 hic
644 610 992 652 florentissimus
1027 615 1170 652 status
1205 611 1475 666 depravatus
1518 612 1578 653 sit
1620 620 1665 654 et

107 695 322 737 praesens
363 684 508 722 status
552 681 794 729 exstiterit.
867 682 956 723 Sed
997 682 1085 723 iam
1127 682 1173 723 in
1216 686 1459 737 argenteae
1502 683 1664 724 aetatis

107 751 416 807 descriptione
438 752 524 793 hoc
545 752 826 807 propositum
850 752 1023 794 recedit
1047 758 1092 795 et
1113 767 1231 794 nova
1252 768 1324 795 res
1347 753 1662 795 introducitur.

107 823 211 864 Etsi
243 822 360 864 enim
393 822 526 864 initio
561 822 615 864 de
649 828 834 864 externa
866 823 1095 865 hominum
1127 823 1223 865 vita
1255 824 1418 879 agitur,
1452 824 1664 866 brevibus

105 897 296 935 tantum-
324 893 411 935 hoc
451 892 516 943 fit,
559 908 649 934 non
691 893 898 935 absolute
941 898 986 935 et
1028 894 1176 935 subito
1218 898 1353 949 poeta
1395 894 1451 936 ad
1492 910 1664 937 morum

106 963 461 1019 descriptionem
507 965 673 1005 transit
718 979 830 1019 quae
875 968 1054 1019 praeter
1100 965 1483 1019 exspectationem
1529 966 1662 1007 cadit.

105 1034 268 1089 Itaque
301 1034 541 1077 consilium
575 1034 692 1089 quod
722 1049 776 1076 ex
799 1049 934 1076 aurea
957 1038 1105 1076 aetate
1130 1035 1369 1076 statuimus
1401 1036 1666 1078 immutatur

106 1108 155 1147 et
185 1108 390 1160 augetur,
432 1105 498 1146 ita
528 1120 649 1155 vero,
692 1110 742 1147 ut
779 1120 897 1147 nova
929 1120 1000 1147 res
1034 1106 1179 1160 magis
1214 1106 1421 1148 emineat.
1486 1107 1664 1149 Deinde

107 1177 155 1217 in
186 1190 353 1218 aeneae
376 1175 540 1217 aetatis
564 1175 868 1232 descriptione
892 1176 948 1217 ad
970 1190 1117 1218 mores
1140 1176 1217 1217 vix
1239 1177 1456 1219 alluditur
1479 1180 1536 1231 (v.
1566 1180 1664 1231 146)

106 1260 254 1302 neque
286 1261 393 1289 vero
427 1250 640 1288 externus
674 1251 818 1288 status
847 1247 992 1288 fusius
1016 1247 1268 1302 exponitur,
1302 1247 1438 1289 immo
1472 1249 1664 1291 maxime

106 1321 269 1374 poetae
320 1318 511 1360 interest
565 1318 925 1373 magnitudinem
976 1322 1021 1360 et
1068 1318 1158 1360 vim
1206 1318 1385 1360 illorum
1433 1317 1664 1362 hominum

106 1389 370 1445 depingere.
423 1389 554 1432 Unde
587 1395 773 1445 apparet
805 1404 950 1444 neque
982 1390 1029 1431 in
1061 1390 1146 1431 hac
1178 1394 1305 1445 parte
1338 1393 1528 1445 primum
1562 1406 1662 1432 con-

106 1461 261 1502 silium
303 1461 487 1503 servari.
550 1461 601 1502 In
644 1461 857 1503 heroibus
899 1476 1045 1502 mores
1088 1461 1232 1516 primo
1277 1461 1376 1503 1000
1421 1468 1661 1517 ponuntur.

105 1531 344 1573 Postremo
387 1532 434 1573 in
478 1531 677 1586 imagine
722 1545 834 1586 quae
879 1531 925 1572 in
970 1531 1127 1587 quinta
1171 1534 1319 1573 aetate
1366 1531 1419 1573 de
1461 1536 1663 1588 tempore

104 1602 260 1645 futuro
294 1602 557 1658 depingitur
589 1602 902 1658 copiosissime
935 1602 989 1644 de
1013 1602 1210 1643 moribus
1236 1602 1484 1645 disseritur.
1528 1603 1664 1645 Vide-

108 1688 205 1715 mus
237 1673 381 1729 igitur
412 1673 684 1715 narrationis
708 1679 1023 1728 argumentum
1055 1688 1144 1714 non
1167 1688 1304 1715 unum
1336 1677 1382 1715 et
1412 1674 1532 1716 idem
1565 1688 1663 1716 esse

105 1749 154 1786 et
185 1745 492 1786 narrationem
524 1744 658 1786 aliter
689 1744 904 1799 progredi
937 1748 1072 1799 atque
1105 1745 1348 1786 secundum
1381 1744 1557 1786 initium
1592 1760 1664 1787 ex-

106 1819 363 1871 spectamus
396 1819 442 1857 et
465 1818 727 1870 exspectare
751 1830 1001 1870 possumus.
1048 1815 1193 1857 Poeta
1214 1815 1447 1871 proposito
1472 1816 1662 1857 consilio

106 1901 198 1928 non
243 1889 347 1928 stat.
392 1912 444 1916 —
488 1886 696 1941 Suscipio
739 1886 813 1927 hic
855 1886 1150 1928 offensionem
1193 1886 1413 1941 quandam
1455 1887 1663 1928 Lehrsiil

96 1972 234 2013 quae,
278 1957 364 1999 etsi
398 1972 423 1999 a
456 1957 799 1999 Schoemanno²
831 1961 876 1998 et
908 1957 1204 1998 Vollbehrio²³
1236 1957 1433 1999 refutata
1464 1960 1661 2013 putatur,

107 2036 261 2070 tamen
283 2042 332 2070 re
348 2042 456 2070 vera
478 2031 632 2070 manet
649 2042 794 2083 neque
812 2027 1002 2070 refutari
1021 2031 1184 2083 potest.
1219 2027 1356 2078 Infra,
1382 2042 1480 2069 cum
1499 2028 1664 2070 discre-

106 2099 276 2155 pantiis
328 2113 435 2141 usus
486 2099 762 2141 narrationis
816 2099 1039 2141 elementa
1085 2102 1265 2140 vetusta
1313 2102 1357 2140 et
1403 2102 1554 2154 partes
1607 2099 1662 2140 ab

107 2170 312 2213 Hesiodo
359 2170 560 2212 adiectas
609 2170 865 2212 discernere
913 2170 1130 2220 conabor,
1181 2169 1234 2211 de
1282 2169 1364 2211 hac
1412 2169 1663 2212 offensione

103 2241 250 2283 fusius
283 2241 514 2283 disseram.

227 2312 434 2354 Alterum
476 2327 620 2367 genus
663 2312 962 2353 offensionum
1003 2311 1058 2352 ad
1101 2326 1280 2353 sensum
1314 2316 1359 2353 et
1391 2311 1662 2353 sententiam

103 2383 319 2439 pertinet.
382 2383 657 2438 Progressus
700 2383 754 2424 ab
798 2398 931 2425 aureo
974 2383 1029 2424 ad
1072 2383 1265 2424 ferreum
1308 2383 1534 2424 saeculum
1577 2397 1662 2438 quo

107 2469 319 2510 praesens
360 2457 538 2510 tempus
581 2454 866 2510 significatur
906 2469 996 2495 non
1029 2457 1357 2495 consentaneus
1390 2457 1471 2504 est7
1512 2468 1663 2508 quam-

106 2540 240 2581 quam
271 2526 454 2567 nomina
486 2540 511 2567 a
545 2525 740 2567 metallis
764 2529 941 2580 sumpta
972 2524 1109 2566 talem
1140 2539 1430 2580 progressum
1462 2524 1662 2566 indicare

107 2596 331 2638 videntur.
365 2597 691 2652 Exspectamus
710 2596 829 2638 enim
848 2595 1131 2637 metallorum
1150 2595 1266 2636 serie
1289 2609 1314 2635 a
1331 2594 1661 2650 pretiosissimo

103 2667 291 2709 metallo
315 2667 372 2709 ad
387 2667 660 2709 vilissimum
679 2667 980 2709 descendente
994 2659 1254 2721 ⁴significari
1274 2666 1503 2707 hominum
1522 2666 1662 2708 vitam

105 2752 189 2794 per
229 2738 424 2794 quinque
466 2764 521 2769 —
562 2738 636 2780 vel
669 2742 882 2793 quattuor
923 2764 976 2767 —
1018 2737 1186 2792 gradus
1227 2751 1252 2778 a
1293 2737 1495 2792 perfecto
1537 2737 1662 2779 aurei

228 2904 239 2922 ¹
266 2902 526 2946 Quaestiones
554 2902 689 2947 epicae
714 2913 750 2947 p.
769 2903 849 2946 230,
876 2902 920 2936 A.
941 2903 995 2935 13.

227 2962 240 2981 ²
267 2962 407 3007 Opusc.
433 2961 481 3005 ΙΙ,
507 2972 544 3006 p.
562 2962 631 2996 306
647 2972 702 3005 sq.
848 2961 860 2980 ³
886 2960 909 2995 1.
930 2971 962 2994 a.
988 2972 1024 3005 p.
1044 2961 1088 2994 40
1103 2970 1186 3004 sqq.
