1923 3288
760 231 1049 269 -55ffl

127 355 343 397 discernit
375 356 472 411 ipsa
496 355 679 398 heroum
714 367 860 398 aetate
885 358 1192 399 continentur:
1229 358 1332 410 τοὺς
1363 359 1445 411 μὲν
1478 361 1597 407 (161)
1624 385 1676 388 -

125 425 235 478 τοὺς
257 424 305 467 ὁὲ
328 427 462 480 (167).

247 497 337 539 Sed
369 512 453 552 qua
496 512 541 539 re
585 498 672 539 iam
706 498 946 549 Hesiodus,
990 507 1038 540 ut
1072 499 1183 540 hanc
1219 508 1410 541 aetatem
1445 500 1676 545 insereret,

73 570 75 572 ’
127 567 347 609 adductus
391 576 458 609 est
501 576 543 610 et
586 569 701 610 unde
736 584 832 610 eam
867 569 1090 625 sumpsit?
1136 570 1247 612 Cum
1282 580 1495 625 argentea
1530 578 1676 612 aetate

127 638 453 680 sententiarum
477 639 654 695 quidem
677 641 798 681 nullo
822 641 1000 682 vinculo
1025 641 1245 682 cohaeret.
1300 641 1473 692 Restat,
1508 651 1555 682 ut
1580 657 1675 682 eum

127 709 338 751 heroibus
372 710 561 765 quodam
604 711 734 752 modo
765 712 1013 752 —coniuncta
1049 712 1119 752 sit.
1174 712 1225 752 10
1259 712 1517 753 memoriam
1552 713 1677 754 redu-

128 795 280 833 camus
321 780 369 822 id
411 781 528 836 quod
569 782 687 836 apud
720 782 965 823 Homerum
1008 785 1298 837 repperimus.
1362 783 1480 823 Ante
1521 783 1678 824 heroes

124 853 377 904 προτέρους
417 852 655 893 statuimus
709 853 760 893 de
805 853 964 908 quibus
1007 853 1246 908 disputavi.
1310 853 1470 894 Nonne
1513 868 1677 894 aeneae

125 922 291 964 aetatis
335 922 578 978 descriptio
623 923 849 964 simillima
893 928 959 965 est
1003 924 1066 965 eis
1101 939 1210 979 quae
1247 924 1298 965 de
1333 924 1555 979 prioribus
1588 924 1678 965 illis

127 991 383 1034 hominibus
417 992 655 1034 dicuntur?
703 994 852 1035 Etiam
895 1009 1058 1036 aeneae
1103 995 1264 1035 aetatis
1305 995 1507 1036 homines
1542 995 1677 1036 validi

126 1070 172 1104 et
210 1063 414 1105 bellicosi
457 1073 573 1109 511111,
636 1064 875 1106 Ρ1·39191·93
918 1065 964 1106 id
1006 1065 1123 1120 quod
1172 1065 1224 1106 de
1268 1065 1439 1106 duobus
1481 1065 1678 1120 priorum

127 1133 386 1185 statuimus,
422 1149 498 1176 eos
531 1135 585 1176 ab
620 1136 852 1176 arboribus
885 1150 1026 1190 genus
1062 1136 1234 1186 ducere⁷
1270 1136 1339 1176 hic
1375 1136 1426 1177 de
1461 1143 1556 1177 toto
1591 1150 1678 1176 0111-

126 1205 232 1246 nino
250 1219 416 1260 genere
433 1205 670 1247 indicatur.
704 1206 859 1261 Itaque
879 1207 966 1248 iam
983 1207 1126 1248 Betke
1145 1207 1276 1247 huius
1298 1207 1460 1248 aetatis
1474 1207 1678 1247 homines

127 1277 379 1328 προτέρους
410 1275 511 1318 11105
546 1291 643 1318 9559
678 1277 908 1318 contendit
925 1279 949 1318 ¹.
1004 1277 1113 1318 Inde
1148 1292 1331 1318 aeneam
1364 1285 1557 1318 aetatem
1590 1277 1678 1317 He-

128 1346 328 1388 siodeam
369 1347 636 1402 profluxisse
680 1357 802 1403 puto.
857 1348 971 1389 Sane
1015 1348 1284 1388 sententiam
1327 1347 1378 1388 de
1421 1347 1676 1388 hominibus

127 1417 203 1473 qui
248 1425 351 1459 ante
404 1418 563 1459 heroes
608 1418 802 1459 w'xerint
848 1433 870 1459 e
919 1418 1221 1473 singularibus
1267 1418 1378 1459 locis
1423 1418 1677 1459 Homericis

126 1488 342 1544 colligere
385 1489 639 1538 debuinms,
684 1489 762 1530 sed
804 1489 888 1529 hoc
930 1489 985 1530 ad
1028 1489 1296 1530 sententiam
1339 1503 1481 1529 meam
1515 1488 1677 1543 impro-

128 1559 321 1602 bandam
354 1559 467 1601 nihil
498 1560 632 1601 valet.
686 1559 1036 1615 Respiciendum
1070 1568 1135 1600 est
1171 1559 1287 1614 quod
1321 1559 1565 1600 carminum
1587 1559 1679 1600 Ho-

126 1630 394 1672 mericorum
417 1645 527 1687 quae
552 1630 811 1672 ferebantur
833 1645 968 1685 parva
1002 1637 1177 1671 tantum
1200 1630 1257 1670 ad
1279 1637 1478 1670 nostram
1501 1629 1677 1684 quidem

127 1702 388 1744 memoriam
429 1717 532 1758 pars
583 1701 803 1757 pervenit.
867 1701 986 1742 Fieri
1030 1708 1192 1756 potest,
1236 1707 1283 1741 ut
1338 1700 1558 1741 sententia
1602 1700 1674 1741 illa

127 1772 236 1814 alibi
269 1772 412 1814 fusius
446 1772 650 1828 exposita
684 1772 832 1813 fuerit.

246 1843 464 1885 Videmus
479 1843 621 1898 igitur
638 1842 885 1884 Hesiodum
905 1841 1208 1883 narrationem
1225 1841 1530 1883 trimembrem
1548 1856 1679 1895 quam

127 1920 387 1970 susceperat
431 1929 529 1955 cum
573 1913 748 1955 diversa
792 1922 1024 1968 poetarum
1057 1909 1309 1953 lonicorum
1354 1912 1406 1953 de
1452 1912 1678 1953 hominum

126 1999 372 2041 progressu
405 1985 627 2026 sententia
663 1984 991 2026 contaminasse
1008 1984 1034 2025 “-’.
1078 1983 1144 2024 Eo
1178 1993 1326 2023 autem
1360 1982 1545 2023 consilio
1580 1996 1679 2023 eum

127 2056 214 2098 hoc
244 2056 407 2098 fecisse
440 2060 572 2112 puto,
607 2061 655 2096 ut
689 2070 802 2096 unus
835 2068 1078 2109 progessus
1112 2053 1325 2095 eveniret.
1381 2051 1478 2105 Quo
1511 2053 1678 2093 factum

127 2133 211 2177 est,
245 2131 293 2168 ut
322 2127 434 2168 duae
467 2126 640 2182 priores
673 2125 944 2167 narrationis
967 2124 1220 2166 Hesiodeae
1255 2132 1425 2165 aetates
1449 2138 1472 2164 a
1497 2123 1680 2177 reliquis

128 2197 398 2254 discrepent.
431 2197 627 2239 Inseruit
651 2205 800 2238 autem
822 2196 1049 2237 Hesiodus
1073 2195 1336 2236 Homeritas
1359 2202 1530 2235 aetates
1564 2193 1681 2234 inter

126 2272 398 2324 argenteam.
433 2275 476 2310 et
518 2268 709 2310 ferream
744 2274 950 2308 aetatem.
1004 2266 1102 2307 Hoc
1137 2265 1388 2321 proximum
1421 2271 1537 2313 erat,
1578 2263 1677 2318 quia

127 2340 287 2382 heroes
309 2354 522 2395 praesens
545 2345 722 2394 tempus
745 2337 1037 2388 antecedunt3
1062 2336 1197 2377 etiam
1221 2336 1275 2376 ab
1298 2335 1498 2376 Hesiodo
1527 2343 1679 2389 aperte

125 2412 324 2465 προτέρη
347 2412 472 2464 *seven
495 2416 714 2453 vocantur
737 2412 794 2463 (v.
817 2410 930 2462 160).
981 2406 1078 2460 Quo
1102 2407 1271 2448 factum
1294 2413 1375 2455 est,
1399 2414 1447 2446 ut
1471 2406 1678 2457 πρότεροι

127 2497 239 2538 quos
272 2482 391 2538 apud
422 2482 669 2523 Homerum
702 2480 870 2536 primos
913 2479 1094 2520 onnium
1137 2477 1366 2519 hominum
1399 2476 1537 2516 fuisse
1570 2475 1682 2515 vidi-

128 2567 227 2595 mus
260 2553 315 2594 ab
347 2553 425 2594 illo
457 2553 556 2594 loco
590 2559 926 2593 removerentur
959 2557 1002 2590 et
1041 2548 1086 2589 in
1121 2546 1382 2589 mutationis
1417 2546 1576 2587 seriem
1609 2560 1682 2586 ve-

128 2623 290 2665 nirent.
341 2623 390 2665 Si
422 2637 606 2664 aeneam
629 2628 824 2663 aetatem
857 2620 918 2661 ita
952 2618 1272 2673 intellegimus,
1308 2632 1385 2658 cur
1417 2617 1464 2657 id
1486 2615 1603 2671 quod
1626 2615 1682 2656 ad

250 2754 260 2771 ¹
286 2752 309 2787 1.
329 2762 362 2787 a.
388 2762 426 2796 p.
444 2753 500 2796 48,
535 2750 602 2786 ubi
636 2749 794 2795 plurimi
827 2748 904 2783 loci
939 2758 1055 2792 supra
1087 2746 1232 2792 prolati
1258 2747 1489 2780 tractantur.
1539 2743 1618 2779 Sed
1642 2742 1683 2778 id

128 2812 285 2846 tantum
302 2810 430 2845 voluit
448 2809 669 2853 ostendere⁷
698 2819 859 2843 aeneam
878 2809 1049 2842 aetatem
1069 2806 1188 2840 etiam
1208 2805 1379 2839 Homero
1398 2805 1531 2838 notam
1550 2802 1681 2837 fuisse.

249 2870 261 2890 ²
287 2870 345 2904 Ex
369 2870 443 2904 hac
467 2868 555 2914 ipsa
579 2880 622 2904 re
649 2867 754 2913 quod
787 2866 902 2901 initio
931 2865 1071 2911 capitis
1098 2864 1220 2900 statui
1247 2864 1375 2899 elucet
1401 2861 1616 2898 Hesiodum
1643 2860 1683 2895 id

65 2961 70 2964 .
127 2929 235 2974 quod
260 2929 366 2964 inter
390 2928 628 2963 narrationis
655 2926 889 2971 antiquioris
927 2927 967 2960 91
994 2924 1218 2960 5901901139
1245 2923 1478 2957 Homericae
1504 2922 1683 2955 naturam

128 2987 377 3023 intercedere
403 2987 572 3022 vidimus
598 2997 677 3021 non
705 2985 948 3031 cognovisse.
