1923 3288
729 227 1015 265 *21—

94 357 140 396 et
174 368 226 396 ea
259 367 372 409 quae
406 353 459 394 de
491 353 702 394 heroibus
737 353 1027 408 proferuntur
1060 353 1308 408 antiquitus
1342 353 1512 394 tradita
1537 367 1647 403 esse,

93 424 232 467 etiam
264 423 450 466 tertium
484 423 710 465 saeculum
744 423 940 479 aliquam
970 423 1067 465 veri
1091 427 1235 465 status
1269 423 1465 479 speciem
1499 423 1648 465 habet.

93 495 197 537 Etsi
239 495 358 537 enim
400 509 489 536 non
533 494 587 536 de
629 495 828 550 ipsorum
861 494 1134 549 antiquitate
1169 494 1356 536 Graecis
1390 494 1559 536 tradita
1592 509 1644 536 eo

94 566 396 616 continentur,
430 569 582 607 tamen
615 566 661 606 in
693 565 812 607 veris
846 565 1312 607 animadversionibus
1346 565 1543 621 positum
1567 568 1648 607 est.

94 637 282 684 Illorum
314 636 546 677 hominum
590 636 748 677 feritas
793 636 962 692 optime
995 636 1250 677 illustratur
1282 636 1432 677 verbis
1466 636 1571 677 οὐὸέ
1612 650 1648 677 τι

94 712 222 750 σῖτον
259 707 424 762 ἤσθιον
464 709 521 761 (v.
550 709 811 761 146—147).
876 707 977 748 Hoc
1020 710 1143 748 certo
1178 706 1368 748 consilio
1402 706 1650 748 indicatum

94 793 195 820 esse
235 778 522 833 insequentia
563 777 701 819 verba
745 777 908 819 docent
949 791 972 818 e
1015 777 1176 832 quibus
1220 776 1408 832 egregia
1441 777 1495 818 de
1528 776 1650 818 Vitae

94 849 316 891 humanae
349 848 693 890 condicionibus
728 848 931 903 cognitio
965 848 1113 890 elucet

288 928 690 985 'aldfciosissca=11m>g
723 931 823 985 ἕχον
855 932 1195 984 κρατερόφρονα
1232 930 1422 983 θυμόνῑ.
1569 932 1649 971 1-17

95 1013 269 1056 Similis
289 1013 490 1069 cognitio
511 1013 845 1055 demonstratur
863 1013 1012 1055 verbis
1030 1013 1169 1066 μέλας
1196 1013 1218 1054 ὁ
1232 1013 1324 1054 ὀὐκ
1349 1012 1447 1054 ἔσκε
1471 1012 1651 1066 σι’ὸηρος

95 1087 154 1139 (v.
183 1086 297 1139 151).
350 1084 494 1127 Novit
525 1084 599 1125 hic
631 1087 767 1139 poeta
800 1110 852 1113 ἡ
888 1083 1005 1138 quod
1038 1098 1061 1125 e
1095 1083 1367 1124 carminibus
1394 1082 1651 1124 Homericis

95 1156 314 1211 colligere
336 1155 467 1197 licuit
492 1182 545 1184 —
570 1155 738 1197 ferrum
761 1170 848 1195 non
874 1169 899 1195 a
916 1155 1060 1210 primo
1079 1154 1125 1195 in
1144 1154 1374 1195 hominum
1392 1168 1475 1195 usu
1497 1153 1650 1201 fuisse,

95 1227 175 1269 sed
206 1232 384 1282 tempus
426 1226 568 1267 fuisse
602 1240 687 1280 quo
720 1240 800 1281 pro
834 1226 953 1267 ferro
988 1240 1090 1267 aere
1129 1225 1333 1266 homines
1366 1225 1611 1266 utebantur
1624 1224 1651 1264 ².

213 1298 451 1340 Postremo
495 1298 630 1339 etiam
664 1297 802 1339 verba
844 1311 956 1352 quae
998 1297 1044 1337 111
1087 1296 1346 1337 narratione
1379 1295 1652 1337 adhibentur

96 1370 237 1426 digna
270 1373 374 1411 sunt
405 1369 461 1411 ad
495 1384 607 1424 quae
631 1368 826 1409 animum
860 1368 1158 1411 intendamus,
1209 1367 1318 1409 Cum
1353 1373 1446 1408 tres
1478 1366 1651 1422 priores

95 1444 269 1483 aetates
312 1455 455 1495 neque
497 1440 698 1495 insignia
742 1439 879 1480 verba
920 1438 1166 1494 praebeant
1208 1452 1319 1493 quae
1363 1438 1417 1479 ab
1452 1438 1652 1479 Homero

95 1514 300 1553 mutuata
342 1511 434 1553 sint
468 1538 519 1540 —
555 1510 756 1566 exceptis
799 1509 985 1551 alterius
1029 1513 1073 1550 et
1114 1509 1278 1551 tertiae
1322 1508 1484 1550 aetatis
1524 1508 1654 1550 exiti-

96 1583 179 1624 bus
212 1609 268 1612 —
299 1597 444 1637 neque
476 1582 615 1624 verba
649 1595 762 1636 quae
794 1581 973 1636 proprie
1007 1580 1236 1622 Hesiodea
1269 1594 1367 1621 esse
1399 1579 1652 1631 videantur,

96 1657 284 1709 quartae
327 1653 468 1695 aetati
507 1653 639 1694 multi
680 1652 857 1693 flosculi
903 1651 1136 1693 Homerici
1181 1650 1336 1692 insunt
1381 1654 1426 1692 et
1470 1650 1654 1705 quintae

96 1725 262 1767 aetatis
297 1724 542 1766 dictionem
575 1723 852 1764 Hesiodeam
886 1737 984 1764 esse
1017 1722 1105 1763 iam
1140 1737 1273 1777 supra
1306 1721 1498 1763 ostendi.
1562 1721 1654 1762 No-

95 1795 284 1837 tandum
317 1795 455 1837 etiam
488 1798 569 1845 est,
616 1794 735 1849 quod
767 1794 813 1835 in
847 1797 996 1835 aetate
1029 1807 1169 1835 aenea
1202 1793 1288 1834 duo
1323 1807 1479 1834 versus
1513 1792 1655 1833 Theo-

95 1866 262 1922 goniae
296 1865 543 1907 artificiose
577 1865 927 1919 coniunguntur.
991 1864 1074 1905 Est
1108 1863 1225 1904 enim
1261 1862 1458 1918 Operum
1498 1878 1538 1904 v.
1573 1864 1654 1903 148

97 1937 260 1979 similis
284 1936 578 1992 Theogoniae
611 1936 763 1977 versui
788 1938 871 1976 649
906 1938 951 1976 et
981 1934 1064 1990 Op.
1096 1949 1136 1976 V.
1165 1937 1244 1975 149
1279 1949 1359 1989 par
1391 1936 1460 1975 est
1482 1933 1653 1987 Theog.

96 2012 248 2051 versui
282 2010 365 2049 673
400 2007 475 2063 qui
508 2007 605 2063 ipse
640 2021 737 2048 cum
762 2006 933 2060 Theog.
968 2020 1101 2047 versu
1137 2008 1217 2045 152
1253 2004 1475 2059 congruit.
1524 2003 1655 2046 Unde

218 2140 228 2158 ¹
254 2138 395 2172 Mirum
430 2140 502 2181 est,
538 2136 643 2181 quod
671 2138 895 2171 concretum
931 2135 1129 2169 abstracto
1158 2134 1360 2178 excipitur.
1411 2133 1563 2168 Omissa
1596 2133 1656 2167 est

97 2197 298 2232 sententia
322 2196 453 2231 media
478 2197 592 2231 haec:
630 2195 808 2230 homines
836 2194 902 2239 qui
928 2205 1029 2239 pane
1055 2194 1267 2228 vescuntur
1294 2191 1528 2226 eruditiores
1555 2194 1655 2225 sunt.

97 2256 308 2291 Sententia
341 2255 465 2301 igitur
497 2256 585 2290 tota
610 2255 707 2289 haec
734 2257 812 2289 est:
848 2264 949 2299 pane
976 2264 1054 2288 non
1080 2252 1342 2287 vescebantur
1367 2251 1423 2294 (id
1450 2253 1520 2294 est,
1557 2250 1657 2295 agri-

97 2315 275 2350 culturae
300 2326 379 2350 non
405 2314 633 2357 studebant)
670 2324 745 2358 qua
779 2324 821 2348 re
846 2312 1025 2347 homines
1053 2311 1289 2346 eruditiores
1323 2310 1422 2344 fiunt
1449 2310 1489 2344 et
1515 2309 1564 2344 ad
1589 2309 1657 2343 hu-

98 2374 332 2409 manitatem
367 2374 610 2417 excoluntur‚
648 2373 766 2407 immo
803 2372 952 2407 animos
987 2372 1139 2406 feroces
1176 2372 1214 2405 et
1250 2380 1387 2404 saevos
1426 2369 1656 2403 habuerunt.

99 2434 165 2469 Sic
190 2433 390 2469 sententia
415 2432 634 2478 supplenda
661 2434 732 2467 est.
776 2431 962 2466 Ostendit
988 2432 1120 2465 autem
1145 2431 1281 2464 notum
1310 2439 1396 2463 esse
1420 2429 1565 2473 poetae
1591 2428 1656 2461 ho-

97 2493 224 2528 mines
260 2503 374 2538 agros
411 2492 587 2527 colentes
623 2491 808 2526 cultiores
842 2501 940 2525 esse.
990 2489 1115 2524 Huius
1143 2487 1380 2533 cognitionis
1409 2487 1528 2522 etiam
1555 2485 1658 2531 apud

51 2577 54 2579 ‡
99 2552 315 2587 Homerum
331 2551 546 2597 vestigium
572 2550 771 2585 habemus.
812 2549 951 2593 Neque
971 2548 1073 2583 enim
1093 2559 1183 2582 casu
1203 2547 1392 2582 accidisse
1418 2548 1526 2591 puto7
1554 2544 1658 2589 quod

99 2611 150 2646 de
175 2612 492 2656 Laestrygonum
517 2610 689 2644 ferorum
715 2608 916 2643 hominum
943 2610 1049 2642 terra
1076 2607 1219 2641 dicitur

247 2682 345 2718 ἔνθα
369 2682 439 2725 μὲν
466 2682 551 2717 οὔτε
578 2680 679 2722 Βοῶν
706 2679 791 2715 οὔτ’
807 2680 955 2722 (ἰνὸρῶν
982 2680 1139 2721 φαίνετο
1167 2677 1256 2721 ἔργα
1283 2677 1369 2719 (Od.
1389 2677 1425 2710 X
1451 2678 1522 2719 98).

220 2754 232 2773 2
257 2753 353 2787 Tam
379 2752 536 2787 subtilis
563 2750 762 2786 sententia
786 2760 1032 2794 nequaquam
1058 2747 1335 2793 interpolatori
1358 2746 1567 2781 tribuenda
1586 2747 1658 2780 est.

98 2811 239 2856 Neque
266 2804 361 2856 erat,
390 2823 456 2846 cur
482 2811 568 2856 quis
595 2811 676 2845 tale
703 2809 797 2854 quid
823 2809 861 2843 111
891 2807 1158 2853 descriptione
1184 2806 1439 2849 desideraret,
1476 2805 1567 2849 quia
1593 2814 1658 2838 aes

100 2882 172 2916 per
197 2881 238 2906 se
266 2870 315 2905 ad
341 2873 513 2905 aetatem
548 2869 699 2915 optime
726 2868 904 2913 quadrat.
955 2867 1084 2902 Verba
1117 2866 1246 2909 χαλκῷ
1284 2864 1538 2910 ὁέἰργάζοπιντο
1566 2874 1658 2907 quo-

103 2929 192 2964 dam
217 2929 334 2964 modo
362 2929 491 2964 verbis
520 2929 610 2964 0νύὁὲ
645 2941 677 2963 τι
716 2931 819 2962 σῖτον
856 2926 991 2970 ἤσθιον
1026 2925 1186 2973 obloqui
1213 2924 1385 2959 concedo
1412 2933 1539 2967 neque
1565 2932 1658 2956 vero

101 2989 176 3024 hoc
202 2990 476 3035 argumentum
504 2988 553 3023 ad
579 2998 714 3023 versus
741 2986 1019 3032 improbandos
1047 2985 1226 3020 sufficere
1252 2986 1359 3029 puto.
