1923 3288
720 231 1009 271 ,117-

84 360 300 417 posuerit‚
333 364 381 401 ut
415 374 515 401 eum
547 360 712 401 iterum
746 359 800 401 de
832 359 917 400 hac
950 374 996 400 re
1030 358 1283 400 locuturum
1318 372 1415 400 esse
1448 372 1537 399 non
1571 372 1646 399 ex-

85 435 352 487 spectemus.
425 430 632 486 Suspicio
681 430 786 471 inde
829 439 1042 485 augetur,
1093 429 1212 484 quod
1254 429 1460 470 versibus
1510 428 1641 470 multi

82 502 262 544 flosculi
283 501 518 543 Homerici
543 501 842 551 continentun
876 508 924 542 ut
948 515 1002 542 ex
1024 500 1215 542 Rzachii
1240 499 1440 542 editione
1473 500 1643 541 maiore

84 586 360 628 cognoscere
390 571 512 613 11061.
561 571 740 613 Deinde
764 571 1005 613 offensioni
1039 575 1108 612 est
1140 570 1309 612 locutio
1345 569 1448 611 ὄπιν
1482 570 1640 611 fiderat

85 643 139 685 de
181 656 267 698 qua
309 642 453 684 Steitz
494 642 596 683 loco
640 642 778 684 allato
823 641 1085 697 disputavit.
1149 641 1341 683 Accedit
1387 640 1504 696 quod
1546 655 1644 682 ver-

23 734 26 736 *
83 712 206 756 3111113
228 715 458 755 185-189
476 713 664 754 remotis
682 727 838 754 versus
862 715 943 753 190
962 712 1130 767 optime
1155 712 1322 767 excipit
1341 726 1520 753 versum
1541 714 1638 761 184,

84 785 192 840 quin
223 784 350 826 verbi
383 783 488 826 οὐὸὲ
521 783 750 838 anaphora
783 783 828 824 hi
853 798 1008 825 versus
1043 782 1270 824 artissime
1305 782 1546 823 cohaerere
1579 782 1645 823 vi-

85 854 258 897 dentur.
303 854 456 896 Etiam
481 854 709 895 sententia
731 853 938 895 versibus
971 853 1158 895 remotis
1193 853 1305 894 bene
1328 853 1640 908 progreditur:

82 925 193 976 sore,
226 927 448 980 ut'neque
470 924 613 966 frater
636 924 867 979 diligatur,
901 928 952 965 ut
984 923 1120 978 prius,
1155 938 1299 978 neque
1334 925 1446 965 bene
1470 923 1644 965 iurasse

81 995 234 1038 valeat
264 1009 409 1050 neque
431 994 601 1036 iustum
624 1000 702 1036 aut
724 995 891 1036 bonum
914 994 1193 1036 aestimetur.
1242 994 1430 1036 Poetam
1455 1009 1480 1036 a
1502 994 1643 1036 fratre

83 1066 139 1108 ad
171 1066 393 1108 eiusmodi
425 1080 496 1107 res
529 1065 788 1120 transgredi
820 1065 1073 1120 proximum
1097 1069 1216 1118 erat3
1252 1065 1419 1107 etenim
1453 1080 1476 1106 e
1509 1079 1644 1106 versu

83 1140 166 1179 282
191 1137 339 1179 elucet
360 1145 542 1192 poetam
564 1142 723 1192 putare
756 1136 856 1178 fieri
879 1150 1025 1192 posse,
1060 1140 1109 1177 ut
1131 1136 1294 1178 Perses
1318 1136 1503 1191 peieret.
1553 1136 1644 1177 Hic

83 1209 411 1253 sententiarum
442 1222 584 1250 nexus
618 1214 780 1263 poetae
814 1207 926 1249 adeo
960 1208 1005 1249 in
1039 1207 1243 1262 proximo
1285 1216 1393 1256 erat,
1437 1211 1487 1248 ut
1528 1207 1644 1249 iudi-

83 1279 273 1321 candum
307 1280 367 1321 sit
401 1279 729 1321 sententiarum
761 1294 1051 1334 progressum
1080 1278 1286 1320 versibus
1314 1281 1542 1319 185ῌ189
1577 1279 1642 1319 111-

83 1350 312 1406 terrumpi.
338 1377 392 1380 —
416 1350 586 1392 Versus
615 1352 694 1390 189
730 1350 804 1404 qui
839 1365 936 1391 cum
962 1349 1202 1391 sententiis
1236 1349 1424 1403 prolatis
1460 1349 1642 1390 omnino

80 1436 171 1463 non
203 1421 295 1463 coit
327 1436 416 1462 non
441 1435 525 1462 una
551 1436 648 1462 cum
680 1420 1053 1462 antecedentibus
1087 1420 1283 1461 insertus
1317 1434 1414 1461 esse
1446 1419 1641 1470 videtur,

81 1492 161 1534 sed
192 1492 454 1534 novissimis
487 1491 767 1547 temporibus
802 1506 900 1532 eum
935 1491 1181 1532 accessisse
1214 1490 1460 1545 putandum
1495 1498 1575 1532 est.

753 1702 874 1757 Cap.
906 1702 967 1745 11.

199 1798 488 1840 Narrationis
521 1803 702 1839 nostrae
727 1797 971 1853 explicatio
1002 1797 1301 1852 singularium
1334 1812 1482 1839 rerum
1506 1798 1643 1839 int-er-

79 1871 336 1927 pretatione
370 1870 552 1912 minime
577 1869 784 1911 absoluta
819 1877 900 1919 est,
934 1869 1070 1910 immo
1104 1869 1321 1910 maximas
1346 1869 1642 1911 difficultates

80 1947 179 1985 tota
210 1942 411 1984 narratio
444 1941 645 1997 praebet.
695 1941 796 1982 Etsi
830 1947 993 1990 autem,
1029 1940 1137 1995 quid
1170 1941 1398 1982 Hesiodus
1431 1940 1641 1991 voluerit,

80 2014 274 2056 maxime
309 2014 343 2055 ’6
387 2013 563 2054 ferreae
609 2012 773 2054 aetatis
817 2011 1122 2066 descriptione
1166 2011 1326 2061 elucet,
1371 2018 1523 2053 tamen
1565 2012 1642 2067 qui

79 2085 385 2127 narrationem
418 2084 551 2140 plane
585 2083 854 2138 intellegere
876 2082 974 2123 vult
998 2082 1134 2123 etiam
1166 2097 1456 2138 progressum
1490 2082 1566 2138 qui
1589 2097 1641 2124 ea

79 2155 349 2212 proponitur
370 2154 596 2210 respicere
620 2154 767 2195 debet.
817 2154 884 2194 Ac
916 2153 1108 2208 primum
1133 2153 1312 2208 quidem
1337 2153 1640 2208 quaerendum

81 2231 162 2278 est,
196 2231 346 2268 utrum
378 2226 531 2267 fabula
563 2229 661 2267 tota
684 2225 738 2266 ab
762 2225 860 2280 ipso
884 2224 1089 2265 Hesiodo
1123 2224 1309 2266 inventa
1342 2225 1413 2275 sit,
1449 2239 1504 2265 an
1528 2224 1642 2266 anti-

82 2298 249 2354 quiora¹
270 2297 413 2339 insint
446 2297 669 2339 elementa
714 2302 757 2337 et
792 2310 903 2350 quae
937 2296 1047 2337 haec
1082 2295 1186 2336 sint.
1251 2295 1319 2337 De
1352 2295 1435 2336 hac
1468 2310 1516 2337 re
1551 2296 1638 2337 etsi

80 2369 169 2411 viri
191 2369 312 2410 docti
334 2368 407 2410 hic
440 2367 536 2409 illic
561 2367 811 2409 sententias
834 2366 1132 2422 protulerunt,
1166 2370 1317 2407 tamen
1340 2381 1471 2408 nemo
1496 2366 1643 2408 adhuc

81 2439 138 2482 ad
172 2439 444 2481 sententiam
487 2453 611 2480 suam
658 2437 1034 2492 comprobandam
1070 2437 1381 2492 quaestionem
1424 2437 1639 2479 instituit.

81 2510 346 2552 Sententiae
388 2513 539 2551 autem
581 2516 684 2549 sunt
722 2508 820 2549 hae.
883 2508 1092 2549 Priorum
1126 2508 1425 2563 interpretum
1457 2507 1639 2562 plurimi

80 2581 332 2623 Hesiodum
375 2580 650 2622 narrationis
696 2588 924 2620 auctorem
971 2594 1069 2620 esse
1115 2579 1296 2620 0111111110
1344 2586 1639 2634 negaverunt.

80 2652 259 2694 Primus
281 2652 489 2695 Vollbehr
518 2651 719 2692 fabulam
753 2650 807 2691 de
841 2650 1036 2704 quinque
1069 2650 1294 2691 aetatibus
1331 2650 1398 2691 ‘ab
1432 2650 1639 2691 Hesiodo

79 2726 215 2778 poeta
246 2722 476 2777 paululum
509 2721 806 2763 immutatam'
841 2735 939 2762 esse
974 2720 1250 2762 contenditl.
1303 2721 1449 2763 Steil‘z
1479 2721 1640 2762 heroes

81 2793 137 2835 ab
181 2792 386 2835 Hesiodo
435 2792 637 2834 adiectos
687 2806 784 2833 esse
829 2791 1007 2847 putavit
1023 2791 1049 2832 ².
1122 2791 1324 2832 Eandem
1372 2791 1640 2832 sententiam

81 2863 271 2920 protulit
292 2863 644 2920 Peppmaellerss.
698 2863 837 2906 Betke
859 2877 959 2904 eum
983 2862 1039 2903 ad
1061 2861 1260 2903 fabulam
1284 2862 1638 2917 antiquissimam

202 2995 211 3014 1
238 2994 262 3028 Ι.
279 3005 310 3028 a.
329 3005 365 3039 p.
381 2995 436 3029 27.
527 2993 540 3013 ²
565 2993 588 3028 l.
605 3004 635 3027 a.
655 3004 691 3038 p.
707 2995 761 3027 61.
849 2993 861 3011 ²³
887 2992 971 3027 Fle
986 2992 1041 3026 ck
1054 2991 1144 3035 eis,
1165 3003 1250 3026 ann.
1270 2993 1334 3026 141
1353 2993 1487 3034 (1890),
1504 3003 1541 3036 p.
1560 2992 1639 3025 563.

154 3058 282 3085 Hartm
293 3066 337 3084 an
347 3066 380 3088 n,
400 3058 444 3085 De
465 3059 598 3091 quinque
617 3058 762 3084 aetatibus
782 3057 943 3084 Hesiodcis.
1478 3051 1498 3084 2
