1923 3288
934 669 1062 722 vita.

344 778 489 819 Natus
523 793 619 818 sum
643 776 892 831 XVolfgang‘
924 775 1124 817 Ioachim
1155 777 1407 819 Hartmann
1442 793 1479 819 a.
1506 779 1545 820 d.
1570 779 1660 821 VH
1691 780 1779 824 kal.

223 852 332 907 Apr.
350 850 454 892 anni
471 847 820 890 MDCCCXCH
838 846 1049 899 Ratun-gi
1069 846 1408 902 Brisigavorum
1432 852 1559 904 patre
1582 849 1779 893 Ricardo

222 921 448 963 nonnullis
491 920 619 961 annis
653 925 756 960 ante
789 921 1073 973 praematura
1107 922 1249 959 morte
1282 919 1391 960 mihi
1425 925 1592 975 erepto,
1636 925 1779 964 matre

222 993 383 1035 Frieda
419 1007 441 1033 e.
474 995 610 1046 gente
646 990 762 1031 Keil.
808 989 935 1030 Fidei
969 988 1175 1030 addictus
1209 996 1305 1030 sum
1338 976 1641 1042 evangelicae.
1684 992 1778 1034 Lit-

220 1072 417 1106 terarum
463 1061 697 1104 elementis
742 1060 938 1101 imbutus
982 1074 1063 1115 per
1106 1074 1266 1101 novem
1311 1075 1449 1102 annos
1494 1062 1777 1117 frequentavi

218 1135 508 1191 gymnasium
553 1133 855 1183 Friburgense
902 1131 1019 1186 quod
1064 1145 1086 1171 a
1129 1131 1375 1172 Bertholdo
1420 1147 1581 1174 nomen
1627 1132 1775 1178 habet.

218 1207 289 1248 Ibi
323 1219 474 1247 mense
498 1204 613 1245 Iulio
637 1203 743 1244 anni
770 1204 881 1243 1910
910 1201 1184 1243 maturitatis
1213 1202 1520 1244 testimonium
1544 1209 1775 1247 assecutus

218 1293 316 1319 sum
350 1282 522 1318 rectore
545 1274 738 1330 Iosepho
764 1272 1022 1314 Hermanno
1048 1272 1253 1313 Schmalz
1288 1273 1413 1314 cuius
1444 1274 1679 1329 disciplina
1705 1290 1774 1317 me

198 1336 347 1390 *usum
366 1362 463 1389 esse
483 1360 659 1401 semper
676 1344 897 1399 gaudebo.
931 1342 1108 1385 Deinde
1132 1343 1177 1384 in
1200 1343 1494 1385 universitate
1518 1345 1773 1387 litterarum

213 1416 730 1462 Alberto-Ludovieiana
754 1429 834 1470 per
856 1429 1017 1455 novem
1042 1415 1276 1455 semestria
1295 1414 1456 1456 studiis
1479 1415 1771 1471 philologieis

213 1494 257 1532 et
300 1489 530 1532 historicis
573 1502 754 1543 operam
797 1485 913 1527 dedi.
978 1485 1240 1527 Docuerunt
1280 1500 1350 1527 me
1392 1485 1478 1527 viri
1521 1486 1773 1529 doctissimi

355 1561 457 1616 Aly,
493 1575 533 1601 v.
558 1559 728 1608 Belmv,
756 1557 896 1607 Colm,
922 1556 1168 1607 Fabricius,
1194 1557 1350 1607 Finke,
1374 1557 1509 1608 Heer,
1536 1557 1769 1610 Kieckers,

343 1622 519 1683 'Kluge
532 1629 776 1684 Koelbing,
788 1628 972 1679 Koerte,
985 1627 1161 1677 Meldis,
1172 1628 1498 1679 Reitzenstein,
1511 1628 1770 1680 Schneider,

354 1702 600 1751 Schwartz,
635 1700 798 1742 Schulz
820 1700 862 1755 †,
902 1699 1161 1750 Suetterlin,
1196 1698 1427 1750 Thiersch,
1459 1700 1768 1755 Thurneysen,

352 1773 568 1828 Vigener.

329 1856 568 1898 Seminarii
582 1855 847 1911 philologici
861 1854 1070 1895 Eduardo
1085 1853 1329 1904 SchwartZ,
1344 1854 1540 1895 Ricardo
1553 1855 1767 1897 Reitzen-

207 1928 338 1978 stein,
374 1931 474 1983 post
509 1926 776 1968 Schwartzii
811 1926 1057 1967 discessum
1080 1925 1266 1966 Alfredo
1294 1925 1464 1966 Koerte
1497 1925 1768 1967 moderanti-

207 2000 289 2040 bus
333 2013 413 2054 per
446 2003 657 2054 quattuor
690 1997 924 2039 semestria
960 1996 1125 2037 sodalis
1158 1996 1223 2037 fui
1257 1996 1522 2046 ordinarius,
1565 2011 1645 2051 per
1679 1996 1764 2038 duo

208 2070 369 2112 senior.
434 2070 506 2110 Ad
549 2069 637 2110 alia
679 2068 917 2111 seminaria
952 2068 1025 2109 vel
1067 2067 1413 2109 exercitationes
1457 2067 1653 2122 benigne
1695 2082 1765 2109 me

206 2142 482 2182 admiserunt
508 2141 576 2181 W.
603 2140 706 2195 Aly,
742 2140 867 2181 cuius
902 2138 1299 2180 exercitationibus
1327 2138 1568 2179 Hesiodeis
1602 2138 1765 2179 adduc-

204 2216 276 2263 tus
311 2227 421 2262 sum,
455 2216 502 2253 ut
536 2211 637 2252 huic
672 2216 833 2266 poetae
862 2225 1044 2265 operam
1066 2223 1290 2257 navarem,
1324 2209 1571 2258 Fabricius,
1604 2209 1762 2259 Finke,

204 2283 341 2333 Heer,
376 2283 612 2331 Kieckers,
648 2282 908 2331 Suetterlin,
944 2281 1175 2323 Thiersch.

300 2353 496 2407 Quibus
530 2353 736 2394 omnibus
769 2352 880 2394 viris
913 2353 1107 2407 gratiam
1140 2352 1282 2393 habeo
1316 2351 1568 2402 maximam,
1609 2350 1763 2407 impri-

202 2424 286 2465 mis
320 2424 506 2466 Alt‘redo
541 2424 725 2474 Koerte,
770 2424 936 2479 quippe
979 2423 1053 2478 qui
1086 2423 1190 2464 huic
1223 2422 1438 2478 opusculo
1471 2437 1560 2463 non
1592 2422 1760 2463 medio-

201 2495 338 2537 criter
370 2495 533 2536 faverit
568 2498 611 2536 et
645 2494 971 2547 benignissimo
1006 2493 1193 2535 consilio
1226 2508 1295 2534 me
1329 2493 1567 2535 adiuverit.

318 2567 517 2607 Examen
551 2566 805 2621 rigorosum
838 2565 1042 2607 habitum
1075 2568 1143 2606 est
1177 2564 1248 2605 die
1281 2564 1443 2605 XXVI
1476 2563 1642 2605 mensis
1675 2564 1758 2605 Fe-

199 2637 381 2678 bruarii.
436 2637 576 2677 Paulo
609 2642 725 2692 post,
761 2636 892 2677 initio
926 2635 1093 2678 mensis
1125 2635 1291 2684 Martii,
1328 2635 1537 2690 superavi
1571 2649 1756 2676 examen

200 2708 317 2762 quod
350 2708 406 2749 ad
438 2707 699 2749 facultatem
734 2707 922 2750 docendi
956 2706 1282 2762 impetrandam
1316 2706 1526 2761 pertinet.

871 2845 1082 2914 qs„
