1923 3288
880 229 1167 266 *22*

246 356 329 397 hoc
379 359 499 396 certe
548 354 836 396 efficiendum
881 358 949 395 est
993 354 1126 396 huius
1171 355 1335 396 aetatis
1381 354 1732 409 descriptionem
1776 370 1804 397 a

246 434 380 481 poeta
421 425 571 479 aliquo
614 425 865 466 confectam
908 439 1006 466 esse
1049 425 1124 480 qui
1162 425 1473 480 Theogoniam
1515 431 1800 481 pernoverat.

244 497 346 538 Etsi
370 510 423 537 ex
455 496 525 536 his
550 495 941 536 observationibus
973 509 1053 549 per
1076 509 1122 537 se
1146 496 1335 537 multum
1358 496 1480 538 effici
1513 511 1602 538 non
1634 500 1801 552 potest,

245 571 396 608 tamen
429 566 622 607 fortasse
655 565 847 607 alicuius
880 566 1098 607 momenti
1122 570 1252 607 erunt
1275 567 1330 608 ad
1363 567 1475 608 alias
1508 582 1579 609 res
1602 567 1676 609 vel
1700 582 1803 610 con-

246 637 490 678 firmandus
523 637 596 678 vel
628 636 961 692 improbandas.

363 708 463 750 Hae
487 714 590 749 sunt
613 708 752 749 mirae
775 708 1048 749 narrationis
1068 707 1402 763 discrepantiae
1425 712 1475 750 ut
1496 709 1803 751 narrationem

244 779 387 834 ipsam
421 784 466 821 et
488 779 687 820 virorum
712 779 947 820 doctorum
970 779 1139 835 scripta
1172 779 1257 820 huc
1289 779 1567 835 pertinentia
1599 794 1804 835 perscru-

244 854 366 891 tatus
400 864 474 891 eas
510 864 748 904 cognosco.

363 921 459 962 Iam
493 935 567 962 eas
602 920 828 976 explicare
863 921 1072 962 conabor.

1002 1053 1044 1094 2.

363 1134 434 1175 Ad
467 1134 512 1175 id
546 1134 664 1175 haud
697 1134 858 1176 inutile
891 1134 1001 1176 mihi
1034 1134 1216 1175 videtur
1247 1134 1520 1189 gravissima
1553 1148 1755 1189 quaeque
1779 1149 1807 1176 a

244 1205 354 1246 viris
388 1205 533 1246 doctis
568 1206 729 1247 effecta
762 1206 979 1260 proferre.
1041 1204 1257 1258 Quamvis
1293 1205 1412 1247 enim
1444 1219 1544 1246 mea
1577 1205 1806 1247 sententia

244 1290 269 1317 a
291 1276 517 1331 prioribus
541 1276 735 1326 differat,
769 1280 919 1319 tamen
952 1276 1141 1317 multum
1164 1276 1256 1317 illis
1281 1276 1417 1318 etiam
1440 1276 1518 1317 ubi
1542 1279 1807 1318 erraverunt

245 1347 400 1389 debeO.
464 1347 624 1402 Itaque
658 1362 710 1389 eo
744 1348 904 1403 magis,
949 1347 1172 1402 quomodo
1206 1361 1305 1389 mea
1338 1347 1565 1389 sententia
1598 1350 1697 1389 orta
1730 1347 1803 1398 sit,

243 1418 529 1474 perspicuum
562 1418 656 1469 fiet,
697 1419 734 1460 si
768 1419 905 1460 etiam
939 1418 1118 1460 illarum
1153 1419 1427 1460 mentionem
1460 1418 1625 1460 fecero.
1690 1418 1804 1460 Cum

244 1495 394 1532 autem
429 1489 482 1531 de
507 1490 686 1531 difficili
719 1505 766 1531 re
790 1495 964 1545 agatur,
999 1505 1088 1531 non
1123 1491 1234 1532 satis
1267 1490 1411 1532 habeo
1444 1489 1644 1545 priorum
1666 1489 1806 1531 inter-

243 1564 419 1616 pretum
465 1561 714 1603 sententias
761 1575 1033 1612 enumerare,
1084 1560 1247 1602 deinde
1292 1575 1437 1602 meam
1482 1560 1674 1612 adicere,
1725 1560 1806 1602 sed

244 1632 394 1681 etiam,
430 1633 504 1675 ubi
537 1632 777 1687 praecipue
811 1633 1076 1682 erraverint,
1111 1632 1311 1674 breviter
1345 1646 1578 1688 exponam.

361 1704 428 1744 Ac
472 1703 665 1758 primum
712 1703 892 1758 quidem
937 1703 1215 1745 reiciendum
1261 1707 1352 1754 est,
1399 1703 1518 1758 quod
1562 1702 1811 1744 Kirchhoff

244 1774 573 1830 discrepantias
615 1789 846 1816 removere
891 1774 1076 1825 studuit,
1121 1789 1221 1816 cum
1264 1778 1468 1830 quartam
1502 1777 1699 1816 aetatem
1739 1788 1805 1816 se-

245 1845 391 1886 clusit.
440 1845 616 1887 Heroes
648 1845 734 1886 nisi
769 1845 824 1886 ab
858 1845 956 1900 ipso
990 1845 1193 1887 Hesiodo
1227 1845 1366 1886 inseri
1398 1859 1489 1886 non
1521 1844 1725 1900 potuisse
1757 1844 1805 1885 in

245 1915 393 1971 capite
425 1915 569 1971 primo
604 1916 790 1957 ostendi.
845 1916 1003 1971 Neque
1036 1930 1143 1958 vero
1177 1916 1247 1957 his
1280 1915 1467 1958 remotis
1500 1915 1681 1957 fabulae
1704 1930 1805 1970 pro-

243 2002 426 2042 gressus
474 1987 738 2043 perspicuus
787 1992 877 2038 est,
926 1988 1062 2029 immo
1111 1987 1279 2029 multae
1329 1986 1625 2029 difficultates
1670 1986 1806 2029 relin-

244 2062 453 2113 quuntur.
529 2058 604 2100 Sic
648 2058 748 2100 fieri
793 2074 882 2100 non
926 2073 1059 2114 posse
1106 2059 1223 2114 quod
1268 2058 1512 2114 temptavit
1560 2072 1614 2100 eX
1660 2057 1805 2113 ipsius

243 2129 521 2171 Kirchhoffii
545 2129 852 2185 experimento
877 2130 1038 2172 elucet.
1079 2130 1425 2185 Discrepantiae
1448 2133 1633 2185 propter
1655 2129 1805 2170 multi-

243 2200 446 2242 tudinem
470 2201 652 2242 omnino
676 2216 765 2243 non
798 2206 988 2257 possunt
1011 2201 1246 2251 removeri,
1281 2201 1417 2243 immo
1451 2200 1632 2256 penitus
1655 2214 1807 2241 narra-

243 2272 358 2314 tioni
382 2272 633 2315 inhaerent.
686 2273 846 2328 Itaque
869 2277 1074 2314 nostrum
1098 2277 1167 2315 est
1200 2287 1275 2314 eas
1299 2272 1570 2327 intellegere
1593 2275 1651 2323 et,
1684 2271 1805 2313 unde

244 2349 369 2386 ortae
403 2344 506 2395 sint,
542 2344 781 2399 explicare.
836 2345 936 2386 Hoc
969 2344 1101 2386 modo
1134 2344 1298 2399 reliqui
1320 2343 1408 2385 viri
1442 2343 1564 2384 docti
1598 2346 1804 2398 egerunt,

245 2415 324 2456 sed
367 2420 460 2457 tam
505 2415 684 2457 diversa
727 2420 908 2471 tamque
953 2416 1067 2457 mira
1111 2430 1165 2457 ex
1210 2415 1276 2457 eis
1323 2415 1582 2465 effecerunt,
1628 2418 1677 2456 ut
1718 2414 1806 2455 hoc

245 2486 426 2527 omnino
459 2501 547 2527 non
580 2501 661 2542 pro
696 2491 819 2528 certo
853 2486 1039 2528 enodari
1076 2501 1210 2542 posse
1241 2489 1386 2541 putes.
1449 2486 1804 2527 Percenseamus

245 2571 396 2598 eorum
432 2557 682 2598 sententias
716 2558 959 2599 secundum
994 2572 1068 2599 eas
1103 2557 1398 2599 difficultates
1432 2571 1457 2598 a
1490 2556 1651 2612 quibus
1685 2555 1806 2611 quis-

245 2642 328 2682 que
362 2628 555 2670 maxime
587 2628 815 2684 profectus
850 2633 930 2670 est.
984 2629 1144 2684 Neque
1168 2628 1287 2670 enim
1310 2628 1468 2669 eodem
1491 2627 1624 2669 modo
1648 2640 1804 2669 omnes

245 2698 539 2740 difficultates
582 2703 888 2754 respexerunt,
933 2699 1013 2741 sed
1054 2699 1307 2741 sententiae
1349 2713 1502 2740 eorum
1541 2698 1804 2753 plerumque

245 2783 298 2811 ex
330 2783 418 2811 una
450 2769 662 2824 pendent.
729 2769 827 2824 Quo
870 2771 1039 2812 factum
1074 2774 1155 2820 est,
1198 2774 1248 2812 ut
1281 2784 1414 2826 saepe
1447 2769 1635 2825 reliquis
1667 2769 1804 2811 rebus

243 2846 564 2895 repugnarent.
1698 2852 1700 2855 ·

362 2911 554 2953 Plurimi
596 2912 869 2967 interpretes
910 2913 1105 2968 profecti
1149 2916 1253 2954 sunt
1296 2927 1321 2954 a
1353 2911 1631 2968 proprietate
1663 2909 1803 2952 tertio

244 2982 344 3024 loeo
377 2982 553 3037 prolata
586 2987 631 3024 et
663 2982 767 3024 inde
802 2983 1024 3038 originem
1069 2988 1115 3025 et
1148 2997 1328 3024 sensum
1362 2983 1542 3024 fabulae
1575 2981 1803 3037 explicare
