1923 3288
748 233 1036 271 ffi57—

117 355 325 397 confusas
368 370 465 398 esse
508 358 689 399 minime
739 359 897 400 mirum
941 368 1029 400 est:
1079 360 1340 402 iniuriarum
1384 374 1666 418 acceptamm

115 427 330 468 memoria
348 442 458 482 quae
478 429 683 484 erumpit,
708 429 783 470 ubi
807 429 862 470 ad
881 444 1006 471 suum
1030 438 1205 486 tempus
1228 433 1433 487 pervenit
1458 439 1669 475 constans

117 497 334 552 cogitatio
369 497 409 539 ei
442 497 742 554 intercipitur.
1671 489 1674 492 .

233 568 383 610 Etiam
427 569 750 610 sententiarum
783 585 1048 625 progressus
1083 572 1245 627 dignus
1279 579 1368 624 est,
1404 589 1531 629 quem
1567 590 1668 615 con—

115 638 375 680 sideremus.
398 639 508 681 Post
528 654 705 681 versum
722 643 799 681 181
817 642 1017 682 nonnulli
1036 642 1306 698 interpretes
1328 644 1450 685 velut
1466 644 1666 694 Proclus,

116 709 164 752 C.
188 709 261 751 Fr.
285 710 538 760 Hermann,
583 710 809 762 Vollbehr,
847 712 1124 754 Schoemann
1160 720 1330 755 sextam
1365 720 1558 756 aetatem
1596 716 1668 757 de-

116 780 251 821 scribi
293 785 578 836 putaverunt.
635 781 765 834 Quod
807 798 1071 838 quamquam
1104 784 1193 825 iam
1227 785 1391 827 dudum
1424 786 1664 827 refutatum

115 856 182 892 est
206 866 305 892 cum
329 851 428 893 aliis
451 852 583 893 rebus
606 860 700 894 tum
725 868 775 894 eo
800 854 917 908 quod
940 854 1074 895 etiam
1099 862 1229 896 antea
1252 856 1355 897 inde
1380 871 1401 897 a
1426 871 1558 897 versu
1585 860 1665 897 177

114 928 246 977 poeta
281 922 335 964 de
368 927 569 978 tempore
593 924 742 965 futuro
768 924 1014 975 disseritur,
1048 935 1196 967 tamen
1222 927 1545 967 sententiarum
1568 942 1666 982 pro-

114 1007 319 1048 gressum
362 993 579 1048 optimum
622 1009 719 1035 esse
761 1010 849 1035 non
893 996 1002 1036 satis
1041 996 1161 1037 viros
1196 997 1350 1037 doctos
1384 997 1666 1052 perspexisse

114 1067 235 1119 puto.
288 1063 473 1105 Minime
516 1064 676 1105 mirum
718 1070 785 1106 est
829 1066 990 1108 aetatis
1024 1066 1256 1108 interitum
1288 1082 1374 1108 non
1410 1068 1666 1109 narratione

114 1138 303 1176 exeunte
347 1135 425 1176 sed
466 1135 598 1190 paulo
642 1143 743 1191 post
786 1136 963 1177 initium
998 1137 1160 1178 aetatis
1193 1138 1396 1179 indicari.
1449 1139 1667 1180 Versibus

117 1207 347 1247 176-178
370 1206 490 1247 vitae
525 1222 762 1249 aerumnae
787 1212 1114 1250 enumerantur.
1160 1209 1329 1250 Versus
1357 1212 1437 1250 180
1472 1225 1569 1250 cum
1594 1224 1668 1250 an-

112 1276 424 1318 tecedentibus
451 1283 546 1319 arte
576 1278 838 1319 ‹r‹j›niunc.tus
866 1288 935 1320 est
963 1280 1185 1320 sententia
1214 1280 1475 1321 secundaria
1496 1285 1667 1335 tempo-

113 1347 195 1388 rali
218 1362 329 1403 quae
352 1363 484 1390 versu
512 1351 590 1389 181
617 1349 884 1390 continetur.
920 1349 1034 1391 Nam
1058 1357 1236 1405 poetam
1260 1358 1418 1405 putare
1436 1351 1665 1392 laboribus

113 1419 316 1460 versibus
343 1422 573 1461 176—178
595 1420 839 1475 propositis
872 1420 983 1471 fieri,
1008 1425 1055 1461 ut
1080 1421 1281 1462 homines
1306 1421 1403 1462 cani
1427 1428 1669 1463 nascantur

113 1498 299 1545 apparet
333 1505 356 1532 e
388 1505 521 1532 versu
555 1490 638 1532 Od.
662 1491 781 1531 XIX
799 1493 884 1532 360

292 1573 408 1626 αἶψα
441 1573 521 1626 γὰρ
556 1574 602 1614 ἓν
634 1575 842 1627 κακότητι
877 1573 1028 1627 βροτοὶ
1061 1576 1488 1628 κ(ιταγηράσκουσιν.

233 1656 365 1697 Hunc
387 1671 549 1697 nexum
583 1656 718 1697 etiam
744 1656 958 1698 Vollbehr
992 1657 1226 1711 cognovit:
1265 1657 1525 1708 „Sententia
1548 1657 1666 1698 enim

112 1727 221 1769 haec
256 1734 346 1768 est:
388 1742 487 1769 cum
520 1727 799 1768 miseriarum
840 1742 892 1768 ea
923 1728 1144 1782 ingruerit
1188 1728 1347 1778 moles,
1391 1732 1439 1768 ut
1474 1728 1559 1769 iam
1593 1742 1667 1768 na-

115 1803 290 1840 scentes
315 1798 487 1840 senium
511 1798 732 1854 quoddam
763 1805 975 1853 occupet“
995 1800 1022 1840 ¹.
1071 1799 1291 1839 Versuum
1320 1801 1544 1839 176-181
1572 1813 1668 1839 sen-

112 1869 257 1911 tentia
288 1869 431 1924 igitur
471 1869 582 1910 haec
615 1872 705 1910 est:
740 1869 945 1910 homines
977 1869 1205 1910 laboribus
1239 1876 1282 1910 et
1317 1868 1539 1910 aerumnis
1574 1883 1669 1909 cru-

115 1940 351 1981 ciabuntur
373 1940 609 1995 tantisper,
644 1940 747 1981 dum
771 1954 958 1995 corpora
980 1941 1110 1995 plane
1145 1939 1539 1995 degeneraverint3
1573 1946 1667 1980 tum

60 2060 63 2063 Ι
113 2011 320 2067 Iuppiter
352 2025 428 2053 eos
453 2010 633 2052 delebit.
686 2011 862 2052 Deinde
896 2011 1100 2052 versibus
1138 2012 1364 2052 182—201
1390 2025 1561 2051 morum
1596 2010 1668 2051 de—

113 2081 319 2138 pravatio
342 2081 621 2137 proponitur,
657 2096 709 2123 ea
742 2088 861 2123 certe
896 2097 1006 2137 quae
1040 2085 1145 2124 ante
1176 2081 1409 2123 interitum
1432 2081 1530 2122 erit.
1580 2080 1667 2134 Qui

99 2168 269 2207 =versus
313 2168 411 2194 cum
454 2153 824 2195 antecedentibus
868 2153 1059 2208 quodam
1110 2153 1241 2193 modo
1282 2151 1509 2193 coniuncti
1550 2159 1666 2192 sunt.

112 2224 322 2265 Indicant
355 2223 482 2279 quasi
516 2239 693 2265 causam
729 2238 1041 2265 aerumnarum
1076 2228 1119 2265 et
1152 2223 1362 2264 interitus
1378 2223 1404 2263 ².

230 2295 314 2336 Est
348 2299 497 2337 autem
530 2295 691 2336 mirum
724 2295 769 2335 in
803 2294 883 2335 hac
909 2294 1223 2349 descriptione,
1259 2294 1375 2349 quod
1408 2298 1543 2348 poeta
1563 2293 1667 2334 inde

115 2381 141 2408 a
172 2366 376 2408 versibus
413 2367 641 2407 176—177
684 2365 736 2406 de
763 2365 924 2420 futuro
962 2371 1163 2420 tempore
1208 2364 1429 2419 disputat,
1474 2368 1523 2405 111
1568 2378 1667 2405 eum

113 2437 353 2478 maximam
384 2441 558 2492 partem
594 2436 647 2477 de
681 2436 907 2491 praesenti
931 2441 1132 2490 tempore
1156 2449 1244 2475 non
1279 2449 1413 2490 agere
1438 2438 1665 2489 appareat.

114 2507 187 2549 Ad
227 2511 404 2563 tempus
446 2521 659 2562 praesens
701 2506 813 2547 nihil
856 2506 943 2547 nisi
985 2515 1140 2547 versus
1177 2508 1405 2546 174-*176
1448 2505 1666 2560 pertinet;

115 2578 273 2634 quibus
306 2584 470 2629 tamen,
506 2579 611 2634 quid
644 2585 775 2634 poeta
812 2578 864 2619 de
899 2592 977 2619 sua
1011 2583 1159 2618 aetate
1194 2576 1397 2627 senserit,
1434 2575 1543 2616 satis
1571 2590 1667 2630 per-

235 2697 245 2715 1
271 2696 296 2730 1.
315 2706 347 2730 a.
374 2706 411 2740 p.
428 2697 474 2730 45
500 2697 534 2730 A
553 2697 631 2730 113.

233 2754 246 2774 ²
271 2754 357 2797 Hic,
383 2757 428 2789 ut
453 2755 609 2800 saepius
635 2755 674 2789 in
695 2754 898 2799 Operibus,
925 2753 1121 2798 quomodo
1148 2753 1369 2788 sententiae
1389 2762 1559 2787 conexae
1578 2751 1669 2794 sint,

115 2824 190 2848 non
228 2815 364 2859 aperte
398 2813 604 2848 indicatur.
656 2813 697 2848 Si
733 2815 863 2848 autem
897 2814 994 2848 haec
1030 2812 1195 2847 Hesiodi
1229 2811 1425 2846 sententia
1458 2812 1530 2853 est,
1565 2809 1669 2854 quod

114 2872 216 2907 infra
252 2872 581 2917 comprobabitur,
617 2875 781 2918 apparet
815 2883 902 2907 eum
938 2872 1050 2906 malis
1084 2871 1257 2906 moribus
1285 2870 1404 2905 etiam
1431 2871 1578 2904 statum
1605 2869 1668 2903 de-

114 2931 271 2976 pravari
295 2931 509 2976 putavisse,
535 2934 579 2966 111
606 2934 733 2967 status
761 2931 997 2976 depravatus
1025 2941 1045 2965 e
1071 2930 1182 2965 malis
1209 2929 1381 2965 moribus
1401 2929 1436 2963 ei
1456 2930 1564 2963 ortus
1584 2938 1669 2963 esse

114 2990 308 3025 videatur.
