1923 3288
779 226 1067 264 -37ἡ

145 349 399 392 hominibus
434 365 457 392 e
480 351 638 406 quibus
671 352 782 393 fiunt
818 353 985 394 similes
1009 368 1107 395 esse
1138 354 1312 395 debere.
1366 354 1433 395 Ex
1456 360 1697 409 argenteae

144 421 308 462 aetatis
350 421 604 463 hominibus
647 423 860 478 improbis
904 424 1006 465 mali
1050 429 1224 465 tantum
1259 434 1301 466 et
1336 425 1589 466 hominibus
1625 427 1698 467 ad-

144 491 265 533 versi
298 492 538 534 daemones
571 492 669 534 fieri
702 498 956 548 potuerunt.
1011 494 1099 536 Sed
1131 495 1245 536 tales
1268 510 1354 536 non
1378 496 1543 537 habent
1568 511 1698 538 vene-

143 562 377 604 rationem.
430 563 553 618 Ergo
587 568 830 615 argenteae
864 565 1026 606 aetatis
1070 566 1306 607 daemones
1340 581 1362 607 a
1398 567 1697 622 descriptione

131 633 373 676 .Hesiodea
415 634 669 676 abhorrent.
693 635 793 676 Hac
826 651 872 677 re
905 637 1122 687 adducor,
1166 642 1213 677 ut
1256 651 1412 678 versus
1452 638 1609 693 quibus
1644 639 1696 680 de

142 703 436 746 daemonibus
460 705 612 759 agitur
634 710 736 747 ante
756 706 1005 747 Hesiodum
1029 711 1149 747 ortos
1173 711 1216 748 et
1241 707 1294 747 ab
1319 722 1370 750 eo
1395 722 1418 748 e
1441 708 1696 750 narratione

141 774 393 816 trimembri
426 779 631 831 receptos
666 790 764 818 esse
798 777 988 818 credam.

259 845 507 902 Postquam
540 846 640 896 iam,
677 852 894 902 quatenus
918 847 1015 889 fieri
1048 849 1207 903 potuit,
1242 849 1512 890 narrationis
1546 858 1695 904 partes

141 916 420 972 antiquiores
454 917 508 958 ab
543 917 606 958 eis
632 932 741 972 quae
767 918 967 960 Hesiodo
1001 919 1220 960 debentur
1243 919 1549 970 disiunxinms,
1585 935 1695 975 quae

141 987 374 1029 effecimus
397 988 598 1029 breviter
621 989 1006 1043 comprehendam.
1061 989 1170 1030 Erat
1204 990 1289 1030 iam
1322 994 1424 1031 ante
1448 990 1693 1031 Hesiodum

139 1058 339 1099 narratio
363 1073 448 1113 qua
470 1058 614 1100 tribus
637 1059 864 1113 gradibus,
896 1060 1114 1115 quomodo
1138 1075 1162 1100 a
1185 1060 1384 1115 perfecto
1409 1061 1463 1101 ad
1486 1075 1692 1116 praesen-

140 1132 233 1170 tem
266 1132 431 1170 statum
474 1129 701 1170 hominum
743 1130 838 1171 vita
872 1130 1260 1185 degeneravisset,
1296 1131 1549 1186 expositum
1583 1135 1690 1172 erat.

139 1200 272 1241 Hanc
312 1200 614 1242 narrationem
648 1200 875 1243 Hesiodus
917 1201 960 1242 in
995 1216 1118 1243 suum
1155 1216 1282 1243 usum
1316 1203 1562 1253 csmvertit,
1597 1217 1693 1243 cum

139 1274 185 1312 et
227 1271 418 1313 mutavit
461 1286 558 1313 eam
601 1276 644 1313 et
687 1272 823 1313 auxit.
877 1272 1070 1314 Maxime
1113 1277 1261 1314 autem
1294 1273 1581 1314 memorabile
1615 1277 1692 1323 est,

137 1342 258 1397 quod
301 1342 507 1384 versibus
551 1343 756 1384 confecta
797 1343 936 1385 fuisse
978 1344 1168 1385 videtur.
1224 1344 1296 1385 Sic
1330 1344 1692 1398 antiquissimum

138 1427 298 1468 poema
331 1414 708 1469 recuperavimus.
763 1414 860 1455 Hoc
896 1414 1080 1469 dignum
1121 1420 1187 1456 est
1231 1415 1346 1469 quod
1380 1414 1515 1455 etiam
1548 1415 1693 1469 ipsum

137 1483 392 1525 accuratius
407 1484 729 1526 consideretur.
755 1485 1038 1527 Narrationis
1063 1484 1203 1536 igitur
1221 1485 1557 1540 antiquissimae
1576 1488 1694 1540 post-

137 1569 271 1610 quam
291 1558 337 1596 et
355 1555 571 1596 ambitum
589 1559 633 1596 et
656 1556 842 1597 formam
869 1556 1173 1606 cognswimus,
1198 1556 1284 1596 iam
1310 1556 1364 1597 de
1383 1556 1476 1597 eius
1501 1556 1688 1610 origine,

136 1630 422 1680 argumento,
457 1640 590 1668 sensu
615 1626 899 1668 disseramus.
955 1627 1013 1668 Ut
1039 1627 1170 1668 simul
1203 1641 1313 1682 quae
1338 1627 1567 1668 effecimus
1592 1641 1692 1668 con-

139 1696 388 1747 firmentur,
422 1697 726 1739 narrationem
759 1697 862 1738 inde
896 1697 950 1738 ab
984 1697 1159 1748 origine
1193 1700 1485 1738 exstruamus.

805 1931 927 1986 Cap.
949 1932 1036 1975 111.

130 2077 134 2085 =
255 2027 407 2068 Aurea
441 2030 589 2069 aetate
612 2027 839 2082 perfectus
863 2027 983 2068 vitae
1007 2027 1225 2069 humanae
1249 2032 1392 2068 status
1425 2027 1693 2068 describitur

137 2097 255 2139 sicut
286 2097 503 2153 temporis
548 2097 777 2139 cuiusdam
821 2097 1024 2138 homines
1059 2097 1334 2152 migitatione
1368 2111 1467 2138 eum
1501 2097 1586 2137 sibi
1620 2097 1691 2139 de-

136 2168 422 2225 pinxerunt&
476 2168 708 2209 Eiusmodi
752 2168 806 2209 de
848 2168 968 2209 vitae
1010 2168 1187 2209 fortuna
1230 2167 1417 2209 florente
1458 2167 1690 2222 opiniones

134 2240 329 2296 quodam
370 2240 501 2281 modo
545 2239 749 2281 omnibus
794 2239 1070 2289 hominibus,
1115 2253 1168 2280 ex
1212 2253 1296 2293 quo
1340 2238 1541 2280 homines
1583 2238 1691 2279 facti

135 2314 253 2362 sunt,
289 2325 545 2353 communes
579 2315 706 2353 sunt:
740 2310 1044 2365 unusquisque
1078 2309 1123 2350 in
1146 2309 1238 2350 vita
1271 2309 1487 2364 quaedam
1511 2313 1553 2350 et
1578 2309 1691 2350 desi-

135 2381 265 2424 derat
297 2396 410 2437 quae
444 2382 485 2423 ei
510 2382 791 2433 denegantur
813 2385 856 2422 et
880 2380 1167 2436 reprehendit
1198 2394 1310 2434 quae
1333 2384 1481 2421 tamen
1504 2379 1688 2421 ferenda

134 2456 252 2494 sunt.
306 2452 396 2494 Hic
438 2452 697 2495 inveniendi
740 2451 916 2493 occasio
961 2452 1065 2492 data
1107 2455 1187 2492 est.
1252 2450 1406 2505 Fingit
1448 2450 1689 2503 imaginem

134 2528 180 2566 et
214 2524 419 2566 omnibus
452 2524 585 2565 rebus
628 2523 877 2579 praeditam
922 2537 1029 2577 quas
1073 2521 1300 2563 desiderat
1338 2524 1381 2562 et
1414 2521 1601 2562 liberam
1635 2521 1688 2561 ab

93 2589 99 2591 i
134 2594 342 2636 omnibus
383 2594 516 2636 rebus
560 2608 669 2649 quas
711 2593 899 2635 moleste
941 2593 1042 2634 fert.
1107 2592 1344 2633 Desideria
1386 2595 1490 2632 sunt
1531 2591 1688 2646 quibus

134 2665 356 2707 eiusmodi
388 2665 610 2720 imagines
634 2669 938 2720 procreantur,
973 2663 1164 2704 maxime
1188 2677 1239 2704 ea
1262 2676 1373 2717 quae
1402 2662 1457 2702 ad
1481 2661 1688 2703 effectum

126 2722 298 2778 'adduci
329 2751 419 2778 non
451 2739 651 2792 possunt.
705 2735 1060 2777 Proficiscnntur
1082 2738 1230 2776 autem
1264 2748 1288 2775 a
1320 2733 1441 2775 vitae
1470 2733 1689 2774 humanae

256 2867 266 2885 ¹
293 2865 356 2900 Ad
394 2865 681 2910 expositionem
721 2865 951 2908 sequentem
986 2863 1163 2898 conferas
1199 2873 1245 2897 ea
1281 2872 1379 2906 quae
1405 2861 1579 2897 Rohde
1605 2861 1627 2895 l.
1657 2872 1687 2895 a.

134 2935 172 2969 p.
191 2926 237 2959 90
251 2935 335 2969 sqq.
354 2924 531 2970 protulit.
547 2945 592 2948 —
606 2924 666 2959 De
686 2924 741 2959 eis
761 2934 861 2968 quae
880 2923 921 2957 L.
940 2923 1181 2965 Laistner⁷
1200 2921 1280 2956 Das
1299 2921 1436 2956 Ratsel
1455 2920 1524 2955 der
1542 2920 1688 2965 Sphinx

134 2983 186 3026 ΙΙ,
211 2985 281 3018 342
295 2995 380 3029 sqq.
408 2983 589 3029 exposuit
615 2983 817 3028 disputare
843 2981 1093 3027 supersedeo.
