1923 3288
714 189 1001 227 —15-

76 317 197 361 ἕνεκ”
230 316 488 360 Οἰὸιπόὸαο.
554 315 678 369 Quae
720 315 908 371 perinde
951 314 1088 356 etiam
1130 313 1273 369 ipsius
1317 312 1637 367 descriptionis

76 388 356 445 proprietate
380 390 589 443 apparet:
623 401 713 428 non
746 400 817 427 res
841 386 961 427 bello
984 390 1143 440 gestae
1168 385 1465 433 celebrantur,
1500 383 1635 424 immo

76 459 305 502 indicatur
335 461 511 499 tantum
544 457 704 499 heroes
737 456 870 498 bellis
887 459 1072 513 perisse.
1129 455 1283 498 Gloria
1315 454 1448 496 bellis
1480 460 1637 509 parata

77 545 134 573 ne
155 529 295 572 verbo
320 527 500 582 quidem
532 528 752 582 tangitur.
798 527 1030 569 Laudatur
1054 531 1209 568 contra
1242 527 1429 568 heroum
1462 525 1638 566 iustitia

78 615 193 657 quae
215 600 262 642 in
285 599 560 641 carminibus
584 599 841 640 Homericis
864 599 1010 640 minus
1034 597 1230 653 insignis
1255 601 1336 639 est.
1385 597 1453 637 Ex
1477 596 1638 651 quibus

77 672 213 715 rebus
246 669 424 723 saepius
457 669 548 711 iam
579 669 668 711 viri
700 669 823 710 docti
856 677 978 711 recte
1013 668 1329 710 concluserunt
1360 667 1518 708 horum
1540 680 1642 707 ver-

79 757 209 784 suum
241 744 421 797 poetam
455 740 565 782 belli
599 730 846 782 amatorem
879 754 968 780 non
1001 739 1142 781 fuisse
1175 753 1320 793 neque
1344 738 1530 780 deerant
1565 736 1640 791 qui

79 813 196 855 hanc
228 812 499 855 sententiam
538 811 585 852 in
620 811 822 852 Hesiodo
856 811 1057 865 agricola
1091 810 1260 866 optime
1293 809 1501 864 intellegi
1537 823 1641 863 cog-

81 887 321 932 noscerent
336 884 364 925 ¹.

677 954 745 996 De
778 965 918 997 versu
957 953 1053 996 169.

199 1049 271 1091 De
292 1048 379 1090 hoc
401 1062 535 1090 versu
557 1051 679 1090 recte
702 1047 923 1089 iudicavit
945 1046 1028 1088 Ed.
1051 1047 1210 1102 Meyer
1225 1047 1251 1089 ².
1292 1046 1380 1088 Sed
1404 1045 1642 1088 refutanda

81 1123 153 1164 est
186 1120 282 1162 eius
316 1119 371 1161 de
404 1118 577 1161 scholio
610 1118 761 1160 Procli
807 1118 862 1159 ad
906 1118 1023 1159 hunc
1055 1132 1235 1159 versum
1270 1117 1404 1172 (quod
1437 1117 1553 1159 falso
1587 1116 1643 1157 ad

81 1207 124 1235 v.
151 1193 234 1233 158
255 1190 468 1243 traditur)
484 1191 498 1213 ³³
532 1190 800 1232 sententia4.
860 1189 1018 1244 Meyer
1049 1188 1246 1230 lectione
1278 1188 1448 1230 tradita
1483 1191 1643 1229 τοῦτον

82 1263 156 1305 καὶ
197 1262 296 1304 τὸν
338 1261 439 1315 ἑξῆς
480 1266 660 1303 servata
704 1261 923 1302 scholium
966 1260 1198 1315 intellegit
1232 1259 1286 1301 de
1318 1259 1524 1301 versibus
1562 1262 1642 1299 169

83 1337 132 1376 et
180 1336 264 1375 170
312 1332 475 1388 quibus
523 1332 710 1374 remotis
760 1332 907 1373 critici
955 1335 1134 1373 veteres
1181 1345 1359 1372 versum
1410 1333 1491 1371 168
1545 1344 1644 1371 cum

83 1418 218 1447 versu
239 1406 318 1445 171
340 1403 671 1445 coniunxerint.
706 1403 781 1445 Sic
800 1402 935 1445 etiam
954 1402 1113 1443 Rohde
1133 1401 1352 1443 scholium
1376 1401 1643 1443 intellexit

85 1475 208 1517 Huic
246 1474 616 1529 interpretationi
659 1474 810 1515 obstat
853 1472 970 1528 quod
1015 1472 1068 1514 (le
1111 1472 1319 1514 versibus
1356 1474 1438 1513 169
1481 1476 1526 1513 et
1562 1474 1644 1512 170

85 1545 307 1588 scholium
347 1544 558 1600 intellegi
602 1559 690 1586 non
732 1548 896 1600 potest.
961 1543 1059 1597 Qua
1102 1543 1221 1585 enim
1263 1557 1310 1584 re
1350 1543 1396 1583 hi
1430 1557 1585 1584 versus
1621 1556 1645 1582 a

86 1616 318 1673 sequentis
363 1616 528 1658 aetatis
572 1616 705 1657 initio
751 1614 1026 1657 abhorrent?
1087 1614 1212 1656 Fieri
1256 1628 1343 1655 non
1390 1618 1552 1669 potest,
1597 1618 1647 1654 ut

87 1687 237 1730 critici
262 1687 332 1729 illi
353 1688 435 1730 lzos
457 1701 614 1729 Versus
638 1686 933 1742 respexerint,
968 1685 1234 1741 praesertim
1259 1699 1357 1726 cuin
1381 1699 1537 1726 versus
1565 1686 1647 1725 168

86 1773 222 1801 versu
246 1760 325 1799 171
362 1757 511 1812 excipi
542 1772 632 1799 non
665 1756 811 1812 possit
843 1761 1027 1811 propter
1061 1755 1218 1797 durum
1252 1769 1277 1796 a
1309 1755 1647 1810 praepositione

88 1830 135 1883 ἐς
164 1829 406 1871 transitum
439 1828 497 1870 ad
527 1828 913 1884 praepositionem
947 1828 1005 1869 ἐν.
1060 1826 1133 1868 Ad
1166 1840 1275 1882 quos
1309 1830 1459 1867 autem
1491 1840 1647 1867 versus

88 1900 311 1943 scholium
342 1899 630 1942 referendum
664 1899 736 1949 sit,
772 1913 826 1941 ex
858 1898 958 1954 ipso
993 1911 1267 1953 cognoscere
1301 1897 1422 1938 licet.
1488 1896 1649 1938 Critici

88 1971 158 2013 illi
189 1986 347 2014 versus
381 1985 492 2027 quos
525 1985 758 2012 removere
790 1969 951 2011 volunt
983 1969 1171 2010 maxime
1205 1983 1229 2009 a
1252 1968 1403 2009 verbis
1440 1968 1463 2021 i)
1499 1967 1649 2009 ἔπειτα

88 2041 298 2096 γενέσθαι
327 2043 386 2095 (v.
413 2043 512 2095 175)
544 2040 801 2096 discrepare
834 2040 1038 2082 indicant
1072 2054 1094 2081 e
1129 2039 1290 2094 quibus
1325 2042 1370 2080 et
1392 2038 1580 2079 Proclus
1605 2042 1650 2080 et

88 2112 410 2168 Moschopulus
452 2116 576 2154 recte
619 2111 938 2153 concluserunt
979 2116 1160 2166 poetam
1204 2109 1446 2164 aliquando
1489 2109 1649 2150 melius

90 2188 269 2240 tempus
292 2187 558 2226 eventurum
583 2197 776 2238 sperare.
831 2182 931 2224 Hoc
953 2182 1043 2223 nisi
1067 2181 1121 2223 de
1153 2196 1242 2222 uno
1266 2195 1399 2222 versu
1427 2184 1533 2221 1690
1560 2195 1649 2221 non

91 2257 243 2309 potest
276 2254 429 2296 statui.
477 2254 600 2309 Ergo
626 2254 847 2295 scholium
881 2252 936 2294 de
959 2252 1165 2294 versibus
1194 2254 1449 2293 lea—leae
1474 2251 1652 2293 intelle-

91 2324 290 2381 gendum
323 2330 392 2367 est
425 2329 469 2366 et
501 2328 625 2367 recte
658 2324 941 2366 Schoemann
977 2324 1053 2365 τὸν
1085 2323 1131 2364 in
1166 2323 1271 2375 τοὺς
1302 2322 1508 2364 mutavit.

576 2455 645 2498 De
677 2455 895 2498 versibus
932 2453 1176 2496 179-181,

112 2599 114 2601 Υ
212 2549 308 2590 Hos
359 2563 516 2591 versus
565 2549 720 2590 Rzach
772 2548 899 2589 uncis
954 2547 1124 2602 saepsit
1172 2550 1352 2589 secutus
1400 2545 1652 2588 Lehrsium.

95 2619 342 2662 Videamus
373 2619 566 2675 primum
602 2619 657 2660 de
690 2633 823 2660 versu
859 2621 954 2660 179.
1010 2616 1154 2670 Quem
1187 2617 1329 2658 Lehrs
1362 2616 1564 2658 Hesiodo
1599 2616 1653 2657 ab

171 2774 174 2777 ’
217 2774 227 2792 ¹
253 2772 355 2807 Vide
382 2783 482 2817 quae
510 2772 607 2807 dicit
635 2771 826 2814 Steitz,
854 2771 929 2805 Die
952 2771 1098 2805 &Verke
1124 2769 1203 2805 und
1226 2770 1334 2815 Tage
1353 2769 1421 2804 des
1441 2768 1654 2804 Hesiod...

95 2842 133 2878 p.
151 2833 209 2867 57.
355 2832 368 2851 2
392 2831 416 2866 l.
436 2842 468 2866 a.
494 2843 531 2877 p.
553 2833 631 2866 173.

215 2890 229 2910 ³
252 2890 402 2925 Poetae
430 2890 571 2926 Graeci
597 2890 769 2925 minores
797 2889 856 2924 ed.
877 2888 1074 2932 Gaisford,
1103 2888 1177 2923 vol.
1196 2888 1245 2931 ΙΙ,
1272 2899 1308 2933 p.
1331 2889 1406 2923 157.

217 2950 231 2969 4
255 2949 280 2984 1.
299 2960 332 2984 a.
358 2960 394 2994 p.
416 2950 493 2993 18⁶2,
520 2951 554 2983 A
575 2951 604 2984 1.
750 2950 763 2968 ⁵
789 2949 813 2983 1.
833 2959 865 2983 a.
892 2960 928 2994 p.
950 2950 1027 2982 105.
1055 2949 1089 2982 A
1109 2950 1138 2982 1.
