1923 3288
860 215 1152 252 —15—

225 340 550 396 interpolatore
595 340 788 395 quodam
831 340 1088 395 oppositum
1129 355 1228 383 esse
1270 345 1413 396 putat.
1486 341 1642 396 Nuper
1686 355 1787 383 eum

226 410 430 452 defendit
463 411 574 460 Fun,
617 425 716 451 cum
750 410 944 452 diceret:
990 411 1139 461 .,Aber
1170 411 1290 452 kann
1325 411 1404 453 der
1435 411 1630 453 Dichter
1660 411 1787 453 nicht

226 481 368 523 selbst
402 481 498 522 sich
533 481 688 522 diesen
712 481 920 522 Einwurf
952 481 1230 522 macl1en?“1
1282 482 1398 523 Mihi
1422 482 1602 537 quidem
1633 481 1718 523 hac
1740 482 1787 523 111

226 566 271 593 re
304 552 446 593 Lehrs
488 558 611 593 recte
653 551 879 593 iudicasse
911 551 1104 593 videtur.
1168 552 1339 594 Versus
1378 553 1563 594 minime
1596 552 1787 608 quadrat

223 622 270 663 in
302 629 446 663 totam
470 621 824 677 descriptionem
857 622 1169 663 tristissimam
1192 627 1238 664 et
1260 637 1498 665 morosam.
1547 623 1789 665 Assentior

225 692 417 734 Steitzio
452 692 526 747 qui
560 692 696 734 dixit:
735 727 753 744 .,
783 726 789 733 .
817 726 824 733 .
851 725 859 733 .
884 707 930 734 es
964 692 1025 734 ist
1059 693 1174 734 doch
1198 693 1413 742 offenbar,
1449 693 1537 735 dass
1569 693 1616 735 in
1640 693 1788 735 einem

223 763 456 813 Zeitalter‚
506 763 593 805 wie
643 763 722 804 das
771 766 999 805 182-201
1050 764 1359 819 geschilderte
1407 764 1671 819 unmoglich
1715 765 1790 806 καὶ

226 837 336 875 τοῖσι
370 834 618 888 μεμείξεται
655 834 799 876 ἐσθλὰ
832 839 1075 876 κ(1κοῖσιν.“
1096 834 1110 858 ‘2
1162 835 1416 877 Hesiodum
1448 835 1586 877 talem
1610 838 1789 877 senten-

223 904 334 946 tiam
375 904 449 946 hic
490 905 694 960 proferre
735 905 918 947 omnino
951 920 1041 947 11011
1073 905 1274 947 voluisse
1307 906 1440 953 infra,
1483 906 1561 947 ubi
1593 905 1790 947 Hesiodi

223 976 269 1017 in
312 976 395 1017 hac
435 983 564 1032 parte
609 976 849 1018 consilium
891 991 1126 1032 exponam,
1169 977 1456 1032 perspicuum
1498 976 1591 1019 fiet.
1656 976 1790 1030 Quod.

223 1053 373 1089 autem
407 1048 576 1103 Meyer,
622 1048 659 1089 si
691 1063 870 1089 versum
912 1048 1218 1099 reiecerimus,
1262 1048 1517 1090 Hesiodum
1561 1062 1608 1090 se
1640 1048 1790 1104 ipsum

224 1119 401 1161 abicere
426 1119 661 1161 contendit
676 1120 702 1170 3,
736 1124 918 1175 poetam
950 1119 1055 1161 inde
1089 1134 1115 1160 a
1137 1134 1270 1161 versu
1298 1123 1378 1161 177
1413 1120 1653 1162 verborum
1679 1124 1791 1162 tem-

222 1204 331 1245 pore
363 1190 516 1232 i'uturo
550 1191 617 1232 uti
649 1205 739 1232 non
774 1191 886 1232 satis
918 1190 1120 1246 respicit.

341 1261 410 1302 De
454 1261 661 1302 versibus
698 1264 926 1303 180-181
971 1261 1135 1303 Fussio
1179 1261 1418 1303 assentior.
1481 1262 1626 1303 Recte
1669 1261 1788 1303 enim

224 1332 410 1387 exponit
444 1346 624 1373 sensum
656 1346 868 1374 versuum
900 1346 991 1373 non
1025 1346 1145 1373 esse:
1188 1345 1431 1387 numquam
1465 1331 1672 1387 Iuppiter
1704 1332 1791 1373 hoc

221 1417 365 1457 genus
399 1402 570 1458 perdet,
605 1406 655 1444 ut
677 1402 821 1444 Lehrs
854 1402 1179 1457 interpretatus
1214 1407 1323 1453 erat,
1359 1402 1458 1444 sed:
1494 1402 1715 1454 interibit,
1750 1402 1790 1444 si

222 1473 354 1529 plane
388 1474 735 1529 degeneraverit
749 1474 777 1516 ⁴.
826 1474 924 1515 Hos
957 1487 1115 1515 versus
1148 1473 1237 1515 toti
1275 1473 1468 1529 imagini
1511 1473 1682 1529 optime
1722 1488 1791 1515 re-

224 1545 444 1600 spondere
465 1544 684 1587 Vollbehr
707 1545 823 1587 vidit
842 1560 943 1586 cum
967 1545 1099 1601 ‘apud
1117 1549 1295 1587 veteres
1318 1549 1476 1601 poetas
1496 1545 1650 1587 odium
1673 1544 1790 1586 senii

221 1616 543 1670 gravissimum
568 1615 859 1671 deprehendi7
884 1616 1060 1658 monuit
1074 1617 1102 1658 ⁵.
1152 1615 1449 1671 Significatur
1481 1620 1633 1658 autem
1654 1630 1790 1658 Versu

226 1690 303 1728 181
342 1687 544 1742 corporis
579 1687 876 1742 degeneratio
919 1701 1063 1742 neque
1106 1690 1230 1729 recte
1262 1687 1421 1743 Meyer
1454 1702 1555 1730 eum
1588 1687 1643 1728 de
1678 1686 1791 1728 ‘Alt-

222 1758 446 1813 klugheit'
481 1758 709 1800 intellexit
726 1760 753 1799 ¹³.

706 1914 775 1957 De
808 1915 1027 1957 versibus
1064 1914 1310 1957 185—189.

340 2009 401 2050 Hi
426 2023 583 2050 versus
616 2012 721 2064 post
742 2008 995 2050 Hesiodum
1031 2008 1199 2050 adiecti
1232 2008 1344 2049 mihi
1367 2008 1593 2050 videntur.
1638 2008 1790 2064 Atque

222 2095 377 2122 versus
416 2082 497 2120 189
530 2079 791 2121 iamdudum
825 2094 905 2135 pro
940 2079 1216 2135 interpolato
1249 2079 1453 2121 habetur.
1507 2079 1661 2121 Etiam
1691 2094 1789 2122 ver-

223 2166 298 2193 sus
350 2153 581 2192 187—188
629 2150 887 2192 addubitati
937 2155 1061 2192 sunt:
1114 2150 1161 2192 in
1210 2150 1514 2206 suspicionem
1567 2154 1791 2192 venerunt

221 2222 438 2278 Heynio‘
481 2226 525 2264 et
559 2221 752 2263 Steitzio
768 2222 795 2262 ⁸.
861 2222 1031 2263 Contra
1075 2236 1186 2277 quos
1218 2221 1370 2263 Hiller
1410 2221 1492 2262 hos
1534 2236 1693 2262 versus
1732 2221 1788 2262 ab

222 2292 597 2334 antecedentibus
632 2292 833 2348 separari
866 2307 955 2334 non
988 2307 1123 2348 posse
1157 2292 1358 2335 ostendit
1372 2293 1399 2334 ς’.
1462 2292 1551 2334 Sed
1582 2291 1788 2348 pluribus

223 2363 276 2406 de
302 2363 450 2405 causis
484 2377 637 2406 omnes
667 2363 720 2405 de
753 2363 1018 2419 parentibus
1040 2378 1198 2405 versus
1222 2363 1427 2405 Hesiodo
1461 2362 1788 2404 abiudicandos

223 2449 321 2477 esse
346 2449 521 2477 censeo.
569 2435 772 2477 Primum
796 2435 842 2476 in
866 2435 1127 2476 universum
1160 2450 1250 2477 non
1282 2435 1517 2490 intellego,
1553 2449 1630 2476 cur
1652 2439 1789 2490 poeta

221 2517 314 2548 tam
356 2506 455 2548 fuse
499 2506 553 2548 de
595 2506 842 2548 liberorum
875 2506 922 2547 111
954 2510 1167 2562 parentes
1199 2506 1367 2548 iniuria
1400 2510 1521 2561 agat,
1567 2520 1666 2546 cum
1698 2504 1789 2546 iam

220 2591 357 2619 versu
392 2580 473 2618 182
507 2577 618 2628 fore,
652 2582 702 2619 ut
733 2581 862 2633 pater
886 2582 930 2619 et
962 2577 1096 2619 liberi
1118 2592 1208 2619 non
1241 2577 1331 2618 iam
1355 2576 1655 2626 consentiant,
1688 2590 1788 2631 pro-

343 2744 352 2762 1
379 2742 401 2777 1.
423 2753 443 2776 a
481 2754 518 2787 p.
538 2744 594 2784 39,
622 2744 653 2777 A
681 2744 713 2777 2.
861 2745 873 2762 “-’
899 2743 922 2777 l.
943 2753 974 2777 a.
1002 2754 1038 2787 p.
1059 2743 1113 2778 70.

341 2804 353 2820 ³
379 2801 401 2835 l.
423 2813 454 2836 a.
482 2813 519 2846 p.
540 2803 618 2836 185.
765 2803 778 2821 ⁴
805 2802 828 2836 l.
849 2813 880 2837 a.
908 2813 945 2847 p.
963 2804 1020 2845 40,
1047 2803 1082 2836 A
1110 2804 1140 2836 1.

340 2862 352 2879 ⁵
379 2861 402 2895 l.
423 2872 455 2895 a.
482 2873 518 2906 p.
537 2863 594 2895 45.
742 2862 754 2880 '³
781 2861 803 2896 l.
825 2872 856 2896 a.
884 2873 921 2906 p.
943 2863 1020 2896 185.

342 2921 353 2939 ⁷
380 2919 441 2954 Ad
467 2920 582 2954 Hom.
609 2920 652 2955 ΙΙ.
680 2920 773 2954 XVI
797 2923 878 2961 422,
905 2920 996 2955 vide
1025 2920 1375 2965 Goettling-Flach
1401 2919 1451 2954 ad
1476 2919 1520 2954 V.
1541 2921 1620 2954 187.

342 2983 354 2994 ⁵
380 2979 403 3013 l.
424 2990 444 3013 a
483 2990 519 3024 p.
541 2981 584 3012 70
600 2990 656 3023 sq.
803 2982 816 2997 ⁹
841 2979 1105 3023 Fleckeis,
1132 2990 1218 3015 ann.
1248 2980 1350 3013 1870.
