1923 3288
156 890 274 934 nitio
316 888 654 931 dissertationis
696 903 785 929 non
827 886 1024 928 alienum
1068 884 1180 926 mihi
1212 883 1393 926 videtur
1425 897 1652 938 quaerere,

92 893 154 1018 ᾖ
187 976 301 1017 quae
333 961 451 1002 ratio
484 960 604 1001 inter
633 958 939 1000 narrationem
973 957 1027 999 de
1051 956 1248 1012 quinque
1281 954 1511 996 hominum
1537 957 1656 995 aeta-

93 1033 216 1075 tibus
250 1035 296 1074 et
326 1035 471 1074 totum
494 1030 688 1073 Hesiodi
722 1043 899 1071 carmen
935 1028 1054 1084 quod
1087 1027 1228 1080 ’Ἐργα
1261 1027 1333 1068 καὶ
1374 1025 1555 1079 ςΗᾸιιέραι
1591 1025 1656 1066 in-

95 1103 310 1146 scribitur
344 1129 397 1132 —
432 1102 558 1144 cuius
602 1115 703 1156 pars
747 1100 948 1141 narratio
982 1102 1052 1141 est
1086 1125 1138 1128 —
1173 1097 1440 1140 intercedat.
1505 1097 1655 1151 Atque

93 1174 236 1217 totius
279 1173 491 1216 carminis
533 1173 725 1214 formam
768 1171 937 1227 optime
980 1169 1281 1226 explicavisse
1323 1168 1435 1210 mihi
1476 1167 1658 1209 videtur

94 1246 164 1287 W.
197 1245 311 1296 Fuss,
355 1259 455 1286 cum
498 1243 693 1285 diceret:
742 1242 862 1293 „Der
894 1241 1087 1283 Dichter
1127 1240 1206 1282 hat
1248 1254 1337 1281 von
1379 1239 1473 1280 ihm
1517 1238 1658 1280 selbst

93 1315 416 1366 herriihrende‚
460 1315 568 1356 aber
609 1313 931 1370 urspriinglich
973 1313 1045 1354 fur
1078 1312 1175 1353 sich
1209 1311 1347 1353 allein
1380 1310 1657 1352 bestehende

94 1387 260 1429 Lieder
292 1401 347 1428 zu
380 1385 527 1428 einem
561 1385 749 1427 Ganzen
782 1384 1052 1439 vereinigt.“
1073 1384 1084 1406 ¹
1148 1382 1236 1424 His
1271 1381 1465 1437 singulis
1500 1380 1658 1422 carmi-

94 1458 228 1500 nibus
272 1471 385 1513 quae
428 1457 524 1498 sola
557 1460 656 1498 orta
690 1465 807 1506 sunt,
851 1469 941 1497 non
974 1455 1051 1505 ita,
1096 1457 1145 1496 ut
1177 1454 1223 1495 in
1257 1453 1427 1495 maiore
1461 1451 1659 1494 carmine

95 1529 245 1572 locum
275 1529 510 1578 haberent,
545 1527 682 1569 etiam
706 1527 760 1569 de
785 1541 872 1582 qua
896 1526 1207 1581 disputaturus
1231 1540 1328 1566 sum
1351 1523 1658 1565 narrationem

95 1600 356 1651 adnumero,
391 1599 557 1655 quippe
592 1598 718 1640 cuius
743 1597 971 1640 sententia
1004 1612 1093 1639 non
1125 1596 1367 1653 praecipue
1395 1595 1451 1636 ad
1474 1595 1656 1645 Persen,

95 1672 283 1714 fratrem
314 1676 490 1727 poetae,
525 1670 662 1711 immo
694 1669 846 1725 potius
871 1669 927 1710 ad
949 1668 1190 1724 populares
1215 1667 1311 1709 eius
1336 1670 1523 1722 spectet.
1571 1664 1659 1708 Sed

97 1743 152 1785 de
184 1743 270 1784 hac
301 1757 349 1784 re
383 1741 583 1783 dubitari
616 1755 704 1782 non
737 1744 901 1796 potest,
937 1740 1044 1795 quin
1076 1739 1276 1780 narratio
1302 1752 1433 1793 quam
1464 1737 1659 1792 legimus

96 1813 330 1856 Hesiodea
363 1813 436 1855 sit.
484 1812 586 1854 Hoc
619 1826 643 1853 a
676 1812 821 1868 primo
856 1811 925 1852 his
958 1811 1091 1853 rebus
1123 1809 1372 1852 verisimile
1405 1808 1458 1850 fit
1491 1822 1603 1863 quae
1636 1821 1660 1848 a

97 1884 291 1926 Liscone
315 1883 601 1939 significatae
625 1886 730 1924 sunt
741 1883 767 1933 ²,
792 1882 985 1938 primum
1008 1881 1216 1923 versibus
1244 1882 1472 1921 loe—107
1498 1878 1660 1934 quibus

97 1955 317 1997 transitus
341 1955 396 1997 ad
419 1954 726 1996 narrationem
749 1956 934 2009 paratur
949 1955 976 2002 ³³,
1012 1952 1175 1994 deinde
1202 1951 1403 1993 versibus
1431 1952 1660 1992 174—175

98 2027 173 2083 qui
197 2026 386 2068 eandem
409 2025 590 2068 dicendi
622 2025 847 2067 rationem
871 2024 1128 2075 ostendunt,
1163 2037 1296 2079 porro
1321 2037 1386 2068 eo,
1422 2021 1542 2077 quod
1564 2024 1662 2062 tota

99 2098 154 2140 de
185 2097 334 2140 ferrea
366 2100 517 2139 aetate
550 2096 800 2153 disputatio
835 2095 1004 2151 optime
1039 2095 1228 2149 quadrat
1260 2094 1305 2135 in
1341 2107 1392 2134 ea
1426 2107 1537 2146 quae
1572 2091 1662 2133 He-

220 2229 229 2247 ¹
256 2227 433 2262 Versuch
469 2227 579 2262 einer
604 2226 778 2271 Analyse
814 2236 891 2259 von
926 2224 1099 2259 Hesiods
1132 2223 1183 2258 ’J
1212 2223 1272 2258 καὶ
1308 2221 1361 2257 Ἡ.
1389 2233 1425 2267 p.
1445 2223 1500 2256 24.
1553 2220 1662 2255 Com-

100 2288 378 2322 mutationum
416 2297 511 2332 quae
544 2287 697 2330 saepius
733 2284 952 2332 afferuntur
978 2284 1108 2318 titulos
1143 2283 1399 2317 accuratiores
1427 2282 1592 2315 invenies
1620 2282 1663 2314 in

99 2346 287 2381 librorum
315 2345 581 2380 adlw'bitormn
609 2348 804 2389 conspectu
831 2343 976 2378 addito.

219 2406 231 2425 ²
258 2405 519 2449 Quaestiones
546 2404 782 2447 Hesiodeae,
811 2403 902 2438 diss.
931 2401 1112 2447 Gotting.
1143 2402 1244 2445 1903,
1270 2411 1307 2445 p.
1326 2402 1368 2434 61
1387 2411 1443 2444 sq.

219 2464 232 2484 ³
257 2464 421 2499 Versum
451 2465 518 2498 108
553 2463 717 2498 retineri
751 2473 829 2497 non
856 2472 973 2507 posse
1000 2460 1151 2506 optime
1176 2460 1346 2494 fortasse
1374 2458 1553 2493 ostendit
1578 2457 1664 2502 ipse

99 2523 170 2558 Ed.
189 2523 326 2567 Meyer
351 2522 417 2567 qui
437 2533 525 2557 eum
544 2521 759 2557 defendere
778 2520 929 2555 studuit
949 2518 1259 2562 (Genethliakon
1286 2529 1323 2563 p.
1345 2519 1410 2552 1458
1426 2520 1509 2562 sq.).
1549 2516 1664 2557 Sane,

101 2581 299 2628 quomodo
333 2581 375 2616 in
410 2582 563 2616 textum
597 2580 814 2626 irrepserit,
850 2578 1012 2614 enodari
1046 2589 1124 2612 non
1157 2580 1293 2623 potest
1319 2598 1363 2602 —
1390 2588 1479 2611 nam
1517 2587 1566 2611 ne
1592 2576 1667 2610 hoc

101 2641 260 2686 quidem
286 2641 501 2676 verisimile
527 2640 623 2675 mihi
648 2640 807 2674 videtur
832 2649 987 2673 versum
1015 2637 1064 2671 ad
1091 2636 1206 2671 aliani
1224 2636 1397 2670 fabulam
1418 2634 1666 2680 deperditam

100 2699 312 2735 transitum
337 2700 481 2734 fecisse
506 2702 671 2744 propter
697 2701 846 2733 certum
873 2697 972 2731 illud
999 2696 1161 2739 ἕτερόν
1188 2707 1243 2730 τοι
1274 2696 1342 2738 ἐγὼ
1370 2695 1483 2738 λόγον
1511 2695 1666 2736 4?szer-

102 2761 217 2802 φώσω
244 2779 288 2784 -
315 2758 384 2793 sed
418 2760 525 2793 certe
560 2769 646 2792 cum
681 2756 909 2792 narratione
936 2755 1128 2800 sequente
1163 2754 1270 2788 nullo
1297 2753 1415 2788 modo
1444 2753 1535 2788 coit.
1564 2773 1608 2778 —-
1634 2752 1665 2786 E

101 2828 218 2853 versu
246 2819 313 2853 108
348 2819 388 2852 et
421 2817 620 2852 nonnullis
656 2816 742 2851 aliis
777 2815 893 2850 rebus
929 2815 971 2849 E.
992 2813 1090 2849 Graf
1111 2812 1342 2859 (Leipziger
1369 2812 1536 2847 Studien
1563 2811 1667 2854 VIII,

101 2888 140 2922 p.
166 2878 302 2921 sssqq.)
339 2887 480 2911 aureae
517 2875 662 2911 aetatis
697 2874 1004 2919 descriptionem
1040 2872 1134 2907 olim
1171 2872 1401 2916 ampliorem
1426 2871 1548 2905 fuisse
1578 2881 1666 2905 eon·

103 2935 239 2980 clusit;
278 2935 349 2970 sed
384 2946 431 2970 ex
466 2935 549 2970 eius
584 2933 828 2980 argumentis
863 2933 1011 2967 nullum
1048 2932 1196 2967 certum
1238 2930 1333 2965 mihi
1372 2930 1530 2965 videtur
1571 2939 1668 2964 esse.

102 2994 230 3030 Versu
257 2996 324 3029 108
357 2994 474 3039 plane
509 2993 585 3028 alia
620 3004 682 3028 res
709 2992 905 3027 indicatur
931 2994 1050 3036 atque
1076 2990 1302 3025 narratione
1335 2989 1421 3034 ipsa
1448 2987 1668 3034 exponitur.
