1923 3288
736 237 1024 275 ,45-

220 361 478 415 Argenteae
517 362 678 403 aetatis
722 363 1040 418 desi-iptionem
1083 364 1129 406 in
1173 365 1355 420 antiqua
1397 366 1652 408 narratione

103 431 320 486 quaedam
371 431 424 473 de
467 433 694 487 praesenti
747 441 866 475 statu
911 435 1116 489 querelae
1161 436 1388 491 excepisse
1430 436 1651 477 videntur.

102 502 233 543 Hanc
266 502 612 558 descriptionem
645 504 872 546 Hesiodus
905 506 1035 560 plane
1070 506 1234 548 omisit.
1289 507 1376 548 Sed
1415 507 1565 549 nescio
1598 523 1654 549 an

101 577 276 628 partem
309 573 528 628 quandam
563 574 658 615 eius
690 574 946 618 habeamus.
999 577 1115 618 Puto
1148 593 1303 618 versus
1337 581 1566 619 loo—104
1598 579 1652 619 ab

101 643 304 685 Hesiodo
337 657 392 685 ex
422 643 500 685 illa
533 644 834 700 descriptione
869 657 1067 702 sumptos
1101 662 1220 697 esse,
1256 648 1417 704 quippe
1451 649 1524 703 qui
1557 663 1653 690 ver-

103 713 225 755 sibus
259 717 431 755 90—92
465 715 602 757 etiam
635 716 690 757 ad
724 731 903 758 auream
937 727 1131 759 aetatem
1165 719 1379 760 alluserit.

857 858 898 901 3.

218 937 313 979 Iam
346 944 487 979 totam
520 938 642 980 illam
675 940 978 981 narrationem
1002 941 1344 983 consideremus.
1398 941 1467 982 De
1501 956 1652 983 narra-

99 1008 236 1050 tionis
269 1008 444 1064 origine
477 1009 565 1050 iam
599 1016 746 1051 actum
781 1019 861 1052 est.
909 1011 1195 1052 Narrationis
1229 1022 1541 1066 argumentum
1566 1021 1651 1053 sta-

99 1083 194 1120 tum
226 1083 402 1120 tantum
434 1079 572 1121 fuisse
606 1080 825 1122 vidimus:
865 1090 1050 1137 propter
1088 1082 1182 1123 eius
1216 1082 1529 1136 antiquitatem
1563 1098 1652 1124 mo-

85 1165 196 1191 rum
229 1150 397 1192 mentio
430 1149 527 1193 fieri
560 1166 650 1192 non
681 1151 841 1207 potuit.
896 1152 1100 1207 Denique
1135 1152 1269 1193 etiam
1303 1153 1524 1194 sententia
1554 1153 1651 1208 ipsa

100 1235 212 1277 quae
253 1221 510 1263 narratione
552 1222 776 1263 indicatur
818 1222 955 1277 digna
1010 1232 1077 1264 est
1120 1238 1251 1278 quam
1303 1224 1648 1266 consideremus.

98 1292 328 1334 Habemus
371 1293 640 1334 sententiam
673 1293 992 1348 progrediendi
1026 1294 1227 1348 quamvis
1261 1294 1452 1349 simplici
1493 1294 1649 1336 forma.

98 1363 167 1404 De
201 1378 287 1418 qua
327 1368 376 1404 ut
409 1369 530 1405 recte
563 1364 809 1405 iudicemus
852 1364 1190 1406 reminiscamur
1223 1365 1510 1423 quaestionis,
1547 1380 1651 1420 quo-

99 1433 230 1476 modo
263 1434 432 1476 factum
466 1434 546 1485 sit,
590 1444 638 1475 ut
671 1435 897 1490 perfectus
938 1435 1013 1476 ille
1057 1444 1199 1476 status
1233 1435 1420 1477 amissus
1454 1444 1571 1478 esset
1605 1445 1649 1478 et

99 1520 177 1546 cur
207 1520 420 1560 praesens
455 1512 597 1546 status
638 1513 705 1547 tot
729 1506 957 1547 molestias
988 1506 1213 1561 praebeat,
1248 1521 1271 1546 a
1298 1506 1481 1547 Grraecis
1515 1507 1650 1548 etiam

98 1576 230 1618 aliter
251 1590 512 1632 responsum
536 1591 646 1618 esse.
695 1576 823 1617 Hanc
855 1577 1189 1632 responsionem
1212 1576 1257 1617 in
1280 1576 1428 1617 fabula
1454 1577 1506 1618 de
1531 1577 1649 1619 dolio

99 1654 254 1703 aperto
274 1646 375 1703 (Op.
400 1662 472 1689 vv.
499 1650 717 1701 90ss104)
738 1647 951 1688 habemus
986 1647 1109 1688 cuius
1143 1647 1367 1702 antiquior
1398 1648 1540 1689 forma
1563 1649 1649 1689 Ba—

99 1717 186 1759 brii
217 1717 369 1759 fabula
402 1719 456 1759 58
490 1726 665 1760 servata
700 1727 780 1759 est.
829 1718 917 1759 Hic
943 1726 1084 1759 status
1109 1717 1377 1773 depravatus
1401 1727 1522 1760 certo
1546 1734 1649 1774 quo-

101 1789 200 1830 dam
233 1789 428 1830 hominis
450 1789 570 1830 facto
595 1789 856 1844 explicatur.
911 1787 1035 1842 Quae
1060 1789 1298 1844 explicatio
1321 1789 1450 1844 plane
1475 1789 1649 1844 mytho-

99 1860 248 1915 logica
280 1864 361 1902 est.
416 1860 549 1902 Certe
583 1860 808 1915 antiquior
841 1869 907 1901 est
932 1875 1061 1914 quam
1085 1860 1224 1901 altera
1259 1874 1369 1914 quae
1392 1860 1648 1901 narratione

98 1931 347 1973 trimembri
381 1931 647 1973 continetur.
701 1931 825 1972 Haec
852 1938 1015 1971 statum
1051 1930 1339 1985 depravatum
1363 1945 1385 1971 e
1409 1945 1649 1985 pr‹7›gressu

99 2001 290 2057 quodam
331 2001 581 2056 intellegit:
635 2002 862 2057 perfectus
906 2008 1048 2042 status
1089 2001 1404 2056 progrediente
1448 2010 1648 2056 tempore

97 2072 144 2114 in
176 2072 303 2128 peius
334 2079 533 2114 mutatus
567 2081 648 2114 est.
692 2072 816 2113 Haec
842 2072 1087 2127 explicatio
1107 2071 1334 2126 cogitandi
1364 2079 1527 2112 statum
1551 2087 1649 2127 pro-

98 2157 302 2198 gressum
333 2143 517 2194 indicat,
550 2143 639 2185 iam
661 2143 838 2185 initium
862 2142 1172 2184 ratiocinandi.
1225 2142 1313 2183 Pro
1343 2151 1463 2183 certo
1487 2142 1649 2183 haben-

99 2214 202 2256 dum
257 2219 347 2264 est,
400 2229 498 2256 cum
549 2205 679 2256 aurea
729 2224 852 2255 aetas
894 2228 916 2255 e
959 2213 1111 2269 populi
1155 2222 1301 2254 mente
1343 2212 1604 2267 profluxerit
1625 2214 1646 2263 ¹,

99 2285 370 2327 sententiam
402 2300 486 2340 qua
521 2285 747 2327 hominum
773 2294 914 2326 status
945 2284 1191 2325 mutatione
1226 2284 1413 2338 quadam
1438 2284 1492 2324 ab
1515 2299 1647 2325 aurea

99 2359 247 2397 aetate
279 2355 325 2397 in
357 2364 642 2411 praesentem
675 2356 852 2397 modum
884 2355 1142 2410 pervenisse
1176 2362 1375 2409 putatur,
1410 2354 1540 2395 unius
1574 2354 1649 2395 ho-

98 2426 231 2468 minis
253 2426 438 2482 ingenio
472 2427 637 2468 deberi.
681 2426 910 2468 Habemus
943 2426 1084 2480 igitur
1123 2425 1467 2480 descriptionem
1502 2433 1648 2466 certae

98 2497 164 2539 rei
194 2497 528 2552 progredientis
563 2497 765 2553 quamvis
800 2496 1059 2552 simplicem.

216 2567 459 2610 Praeterea
475 2568 717 2610 nonnullae
741 2567 853 2609 aliae
887 2582 956 2608 res
980 2567 1025 2608 in
1048 2566 1122 2607 illa
1146 2566 1401 2607 narratione
1424 2566 1648 2607 notandae

102 2644 218 2680 sunt.
282 2639 483 2680 Primum
516 2639 845 2694 respiciendum
878 2646 944 2679 est
979 2654 1043 2687 eo,
1079 2637 1194 2692 quod
1229 2652 1359 2678 aurea
1394 2644 1516 2678 aetas
1551 2651 1649 2677 cum

98 2709 326 2765 praesenti
358 2716 558 2765 tempore
592 2710 827 2751 interiecta
862 2717 1076 2763 argentea
1111 2717 1257 2750 aetate
1298 2708 1531 2749 coniuncta
1566 2713 1646 2757 est,

218 2875 228 2894 ¹
255 2873 354 2909 Nam
382 2874 458 2909 etsi
478 2875 585 2909 certa
610 2874 792 2919 imaginis
819 2874 943 2908 forma
962 2872 1008 2907 ab
1027 2883 1104 2907 uno
1130 2872 1234 2907 facta
1262 2875 1332 2915 est⁷
1358 2876 1489 2906 tamen
1517 2871 1648 2922 opinio

33 2956 38 2962 ι
98 2921 184 2978 ipsa
208 2932 249 2967 in
267 2932 571 2977 uniuscuiusque
597 2934 730 2968 mente
749 2932 876 2977 viguit
903 2934 942 2966 et
968 2932 1035 2966 ille
1060 2931 1307 2976 popularium
1333 2930 1529 2965 desideria
1548 2941 1648 2964 eom-

97 2991 320 3036 prehendit.
