1923 3288
860 224 1149 262 ψῃ,-

227 360 273 394 111
318 354 373 395 ad
415 355 623 395 effectum
668 351 769 392 duci
811 366 899 392 non
933 351 1121 406 possint.
1184 350 1342 404 Itaque
1376 362 1554 390 auream
1588 352 1782 389 aetatem

227 442 249 465 e
294 424 562 479 simpliciore
608 422 882 476 cogitatione
925 421 1190 476 profiuxisse
1237 421 1395 461 elucet.
1458 418 1675 460 Homines
1709 418 1783 473 qui

228 496 338 535 hanc
385 494 627 544 imaginem
674 492 757 532 sibi
806 492 1029 533 finxerunt
1079 492 1245 532 nullam
1290 490 1523 546 praeteriti
1569 489 1782 544 temporis

228 565 531 613 cognitionem
564 564 828 604 habuerunt.
873 563 1088 604 Videmus
1119 578 1248 617 quam
1272 562 1403 603 Iones
1427 561 1622 616 reliquos
1648 560 1784 602 Grae-

229 652 301 674 cos
336 634 680 689 praecmrerint.
729 634 860 674 Iones
895 633 1007 683 dico,
1042 648 1143 673 nam
1176 633 1287 674 illud
1319 648 1407 674 non
1436 633 1618 691 demum
1633 636 1786 687 poeta-

229 721 320 746 rum
356 705 539 759 ingenio
572 706 739 745 factum
773 718 869 745 esse
903 708 1025 759 puto.
1091 703 1223 744 Certe
1256 718 1345 744 non
1378 718 1403 744 a
1434 703 1580 758 poetis
1613 702 1786 757 profec-

228 780 318 817 tum
364 783 430 816 est
476 776 593 830 quod
635 775 856 829 imagines
900 774 1047 829 spatii,
1090 789 1177 815 non
1219 774 1434 829 temporis
1479 772 1717 814 intervallo
1761 787 1786 813 a

230 847 483 888 viventibus
527 850 791 901 separantur
833 845 950 900 quod
989 845 1107 886 idem
1142 859 1163 885 e
1197 845 1378 900 proprio
1411 844 1568 885 Ionum
1602 843 1786 897 ingenio

228 917 581 968 intellegendum
615 916 724 957 mihi
758 916 948 957 videtur.
1004 915 1269 957 Videbimus
1301 920 1458 971 poetas
1490 915 1591 956 illos
1626 914 1679 955 de
1711 914 1787 955 110-

229 989 393 1029 minum
429 1002 669 1043 progressu
705 987 975 1028 sententiam
1010 987 1231 1042 quandam
1265 1001 1290 1027 a
1321 1000 1563 1041 progressu
1596 1000 1643 1026 re
1666 985 1789 1026 facto-

228 1075 315 1100 non
362 1064 453 1100 tam
496 1059 686 1099 alienam
730 1058 940 1099 habuisse
985 1072 1096 1113 quae
1138 1057 1329 1098 fortasse
1370 1057 1554 1098 Ionibus
1597 1056 1788 1112 quodam

230 1130 359 1171 modo
394 1129 639 1170 communis
674 1134 782 1170 erat.
830 1128 928 1182 Quo
961 1129 1129 1169 factum
1163 1132 1243 1178 est,
1278 1131 1328 1169 ut*
1349 1128 1598 1183 perfectum
1623 1130 1787 1168 statum

229 1201 274 1241 in
306 1208 482 1256 tempus
515 1200 807 1255 praeteritum
842 1200 1115 1241 transferrel
1148 1214 1238 1240 non
1271 1202 1467 1254 possent.
1520 1198 1677 1253 Itaque
1712 1211 1786 1238 ne-

230 1287 312 1327 que
346 1272 429 1312 1106
465 1286 569 1312 casu
603 1270 819 1312 accidisse
854 1275 976 1326 puto,
1012 1270 1130 1325 quod
1163 1284 1324 1311 aureae
1358 1269 1519 1311 aetatis
1544 1283 1656 1324 quae
1679 1272 1790 1309 tem-

229 1359 334 1398 pore
368 1342 612 1398 praeterito
646 1342 781 1383 fuerit
814 1342 860 1382 in
885 1341 1156 1382 carminibus
1179 1340 1434 1382 Homericis
1460 1340 1629 1381 nullum
1653 1338 1789 1381 vesti-

230 1414 351 1463 mum
395 1413 628 1468 reperitur.
692 1413 859 1454 Poetae
902 1412 966 1453 1111
1011 1427 1097 1467 qua
1138 1415 1266 1453 erant
1307 1411 1444 1452 animi
1482 1414 1641 1452 natura
1674 1410 1789 1451 1111116

230 1485 499 1540 opinionem,
535 1484 570 1524 si
605 1484 784 1525 omnino
819 1489 1053 1533 noverunt,
1088 1498 1177 1524 non
1210 1487 1505 1537 agnoverunt.

351 1555 735 1597 Antecedentssms
778 1555 912 1596 etiam
957 1554 1078 1596 aliud
1111 1553 1319 1595 efficitur.
1384 1552 1495 1594 Cum
1529 1566 1688 1593 aureae
1722 1565 1793 1592 ae-

232 1627 340 1667 tatis
374 1627 523 1680 imago
556 1630 647 1667 tam
679 1626 925 1681 simplicem
951 1625 1273 1680 cogitationem
1296 1624 1477 1673 indicet,
1514 1626 1633 1664 66116
1656 1623 1791 1677 longe

233 1703 336 1739 ante
379 1697 628 1738 Hesiodum
672 1711 767 1738 eam
815 1696 1043 1737 exstitisse
1088 1695 1334 1751 putandum
1380 1698 1461 1735 est.
1524 1693 1674 1734 Etiam
1720 1693 1794 1734 de-

234 1769 522 1824 scriptionem
566 1768 777 1809 traditam
821 1771 924 1809 aute
958 1767 1208 1808 Hesiodum
1249 1766 1416 1807 factam
1455 1780 1551 1806 esse
1584 1763 1792 1806 vidimus.

232 1841 390 1895 Itaque
433 1855 519 1881 non
565 1855 668 1880 casu
713 1838 878 1880 accidit
921 1838 1037 1893 quod
1082 1838 1135 1879 de
1176 1851 1336 1878 aureae
1369 1836 1531 1877 aetatis
1564 1835 1793 1876 hominum

234 1911 430 1951 moribus
465 1910 577 1952 nihil
612 1910 787 1951 dicitur.
832 1910 998 1950 Eorum
1032 1909 1305 1950 mentionem
1337 1907 1436 1949 fieri
1470 1922 1495 1948 a
1525 1906 1669 1962 primo
1694 1920 1794 1947 6011-

236 1982 334 2022 silio
369 1982 549 2023 omnino
584 1981 776 2022 alienum
811 1986 919 2021 erat.
965 1980 1033 2021 Ne
1067 1979 1216 2035 potuit
1239 1979 1417 2034 quidem
1439 1977 1550 2028 fieri,
1586 1976 1793 2032 quoniam

235 2068 320 2107 (1110
362 2060 563 2107 tempore
608 2051 851 2106 descriptio
886 2057 984 2092 orta
1016 2055 1083 2091 est
1116 2050 1319 2091 homines
1355 2049 1407 2091 (16
1440 2049 1556 2090 bono
1589 2048 1796 2102 maloque

234 2123 429 2164 nondum
464 2126 629 2164 certam
664 2122 891 2164 notionem
925 2122 1176 2163 habuerunt
1210 2147 1266 2152 —-
1299 2121 1535 2163 verborum
1570 2118 1795 2174 significa-

234 2194 356 2235 tione
391 2209 521 2249 (11111111
557 2209 654 2235 sero
678 2194 763 2235 1106
785 2194 952 2234 factum
979 2193 1035 2233 sit
1061 2192 1238 2234 scimus.
1284 2192 1456 2246 Itaque,
1492 2191 1528 2232 si
1552 2189 1796 2245 descriptio

235 2265 402 2306 tradita
446 2279 590 2306 mores
635 2268 1016 2315 commemoraret,
1060 2264 1146 2305 1106
1179 2262 1445 2318 antiquioris
1480 2260 1796 2317 descriptionis

236 2336 463 2391 proprium
508 2340 629 2377 certe
662 2350 750 2377 non
783 2336 1063 2377 haberemus.
1126 2334 1263 2377 Nullo
1296 2334 1438 2388 igitur
1469 2332 1601 2374 modo
1635 2345 1795 2373 aureae

236 2407 397 2447 aetatis
433 2421 609 2447 sensum
644 2406 983 2461 explicaverunt
1016 2405 1055 2446 61
1085 2405 1355 2460 interpretes
1380 2403 1453 2458 (1111
1477 2418 1530 2444 ex
1553 2405 1796 2457 argenteae

237 2477 398 2518 aetatis
443 2477 744 2533 descriptione
778 2491 955 2518 auream
990 2480 1184 2518 aetatem
1221 2476 1355 2517 etiam
1393 2473 1590 2515 moribus
1627 2473 1797 2529 perfee-

237 2551 326 2588 tam
370 2548 702 2598 intellexerunt,
745 2547 869 2589 velut
906 2547 1154 2588 Buttmann
1189 2550 1233 2587 et
1264 2545 1401 2587 Roth.
1466 2544 1717 2586 Secundum
1749 2543 1796 2584 id

239 2619 354 2673 quod
402 2619 548 2674 capite
594 2619 735 2660 altero
782 2618 1011 2659 effecimus
1054 2632 1214 2659 aureae
1256 2615 1417 2658 aetatis
1461 2615 1702 2670 descriptio
1742 2629 1796 2655 ex

239 2706 283 2729 se
308 2689 402 2744 ipsa
434 2689 739 2743 intellegenda
775 2693 855 2730 est.
901 2689 947 2730 Si
981 2693 1129 2730 autem
1160 2703 1255 2729 eam
1287 2687 1424 2728 solam
1450 2686 1794 2735 consideramus,

238 2775 324 2800 non
367 2774 538 2801 morum
581 2759 903 2814 perfectionem
951 2759 1026 2800 sed
1067 2763 1209 2800 status
1242 2760 1416 2798 tantum
1449 2756 1693 2811 imaginem
1727 2770 1797 2797 60-

239 2830 510 2879 §.sinist-inlus.

360 2985 367 3002 ¹
396 2983 482 3018 Hoc
507 2983 629 3028 igitur
655 2982 854 3027 antiquius
883 2983 953 3017 est.
1006 2982 1063 3017 Of.
1091 2981 1267 3017 Rohde
1293 2982 1316 3016 l.
1337 2992 1368 3016 a.
1395 2993 1431 3026 p.
1451 2982 1495 3016 92
1522 2993 1556 3015 v.
1576 2982 1620 3016 19
1635 2991 1717 3024 sqq.
