1923 3288
328 440 604 493 Quaeramus
653 438 818 493 igitur,
869 437 977 492 quid
1023 446 1181 492 postea
1229 436 1454 478 adiectum
1504 435 1576 477 sit.
1653 434 1766 476 Cum

209 510 539 565 discrepantiae
562 508 742 564 penitus
766 508 1044 558 inhaereant,
1080 522 1103 548 a
1135 506 1280 562 primo
1303 505 1551 548 verisimile
1586 512 1654 547 est
1677 519 1767 546 non

207 588 382 624 tantum
407 585 607 622 aetatum
630 594 862 621 numerum
886 582 1065 620 auctum
1090 592 1200 626 esse,
1227 578 1305 620 sed
1328 578 1464 619 etiam
1488 577 1766 632 antiquiores

209 653 401 708 quodam
443 652 575 693 modo
619 650 918 706 amplificatas
950 649 1023 691 vel
1064 649 1200 690 etiam
1235 648 1478 689 diminutas
1518 662 1627 689 esse.
1692 647 1768 689 Se-

211 724 362 779 quitur
402 723 546 777 igitur
579 727 752 763 aetates
787 736 900 776 quae
935 720 1127 776 quodam
1169 720 1300 761 modo
1341 733 1366 760 a
1398 719 1542 774 primo
1577 718 1768 760 consilio

210 795 457 836 deflectunt
481 798 525 835 et
548 792 887 834 retractationis
910 791 1107 845 vestigia
1130 791 1297 832 habent
1330 803 1419 832 non
1444 792 1564 832 totas
1586 789 1768 830 omnino

209 864 524 907 retractationi
569 862 928 905 adnumerandas
974 877 1085 903 esse.
1159 862 1261 902 Hoc
1305 860 1639 916 respiciendum
1685 864 1766 901 est.

208 937 304 978 Iam
338 936 517 977 diversa
549 934 823 976 narrationis
858 933 1079 974 elementa
1115 932 1428 974 dissolvamus.

329 1008 507 1047 Aureae
541 1004 705 1046 aetatis
740 1003 985 1058 descriptio
1021 1003 1189 1058 optime
1224 1002 1423 1044 decurrit
1455 1015 1600 1056 neque
1633 1000 1771 1042 ullam

215 1076 476 1119 offendendi
511 1090 691 1117 causam
723 1074 910 1130 praebet
927 1075 953 1114 1.
1009 1073 1156 1114 Huius
1190 1073 1354 1114 aetatis
1386 1072 1633 1127 imaginem
1667 1075 1770 1113 ante

211 1147 464 1190 Hesiodum
498 1145 729 1188 exstitisse
772 1145 909 1186 etiam
942 1144 1024 1185 Ed.
1051 1144 1207 1199 Meyer
1240 1143 1448 1185 concedit
1490 1143 1567 1198 qui
1599 1142 1773 1197 reliqua

211 1219 443 1261 Hesiodea
486 1224 628 1273 putat.
692 1217 750 1257 Et
796 1231 841 1257 re
874 1230 982 1257 vera
1023 1215 1135 1256 haec
1167 1215 1321 1270 opinio
1355 1214 1671 1269 antiquissima
1709 1213 1773 1255 vi-

214 1291 345 1332 detur
376 1303 519 1344 neque
553 1287 699 1329 minus
733 1286 947 1341 imaginis
983 1285 1119 1327 color.

332 1360 421 1402 Sed
469 1359 623 1400 statim
667 1367 912 1413 argenteae
957 1357 1120 1399 aetatis
1165 1370 1431 1412 progressus
1476 1363 1656 1411 praeter
1701 1369 1774 1396 ex-

215 1432 541 1489 spectationem
584 1430 716 1471 cadit.
783 1429 924 1484 Supra
968 1428 1240 1470 offensiones
1282 1427 1450 1477 notavi,
1494 1441 1623 1477 nunc,
1668 1426 1775 1482 quid

215 1520 269 1547 ex
311 1504 375 1545 eis
419 1501 707 1544 efficiendum
750 1500 820 1551 sit,
863 1500 1110 1541 videamus.
1174 1499 1322 1540 Aurea
1357 1502 1506 1540 aetate
1545 1497 1772 1553 perfectus

216 1585 358 1616 status
393 1573 675 1622 describitur,
717 1571 796 1613 sed
828 1571 950 1612 vitae
984 1574 1209 1612 externae.
1273 1569 1598 1624 Exspectamus
1630 1568 1773 1623 igitur

215 1645 505 1702 sequentibus
554 1643 744 1693 ostendi7
795 1641 1015 1698 quomodo
1062 1641 1135 1682 hic
1185 1648 1329 1681 status
1377 1640 1649 1695 depravatus
1701 1639 1772 1680 sit.

216 1716 564 1759 Consideremus
616 1714 705 1755 iam
759 1723 1001 1768 argenteae
1050 1711 1213 1753 aetatis
1263 1711 1626 1766 descriptionem.
1704 1709 1773 1751 Ita

215 1788 422 1829 instituta
473 1795 563 1835 est,
612 1794 660 1826 ut
708 1784 829 1825 vitae
878 1784 1033 1824 horum
1084 1783 1314 1824 hominum
1347 1796 1628 1837 progressus
1676 1796 1776 1836 pro-

214 1868 420 1915 ponatur.
493 1856 661 1911 Incipit
710 1864 841 1910 poeta
891 1855 946 1895 ab
994 1854 1199 1895 infantia.
1272 1853 1361 1894 Hic
1408 1867 1514 1894 vere
1564 1861 1776 1893 externus

217 1938 360 1970 status
404 1927 686 1970 describitur.
752 1926 854 1975 Sed,
897 1925 974 1966 ubi
1017 1934 1151 1980 poeta
1194 1938 1269 1965 eos
1309 1923 1487 1965 adultos
1523 1923 1648 1973 dixit,
1692 1922 1777 1963 hoc

216 2016 304 2041 non
338 1999 637 2055 persequitur,
680 1998 815 2038 immo
859 1996 915 2037 ad
948 2011 1120 2037 morum
1154 1994 1503 2050 descriptionem
1537 1993 1647 2035 satis
1680 2007 1778 2035 ver-

217 2072 371 2113 bosam
404 2070 567 2111 transit
603 2084 656 2111 ex
679 2083 762 2124 qua
788 2068 924 2110 etiam
947 2067 1147 2123 pendent
1181 2080 1293 2121 quae
1327 2065 1381 2107 de
1405 2079 1558 2107 eorum
1589 2064 1777 2106 interitu

218 2143 340 2184 dicit.
405 2141 458 2182 In
502 2141 573 2181 his
615 2140 821 2182 versibus
865 2139 1005 2180 vitam
1048 2142 1280 2180 externam
1323 2135 1430 2178 sohs
1470 2136 1621 2177 verbis
1655 2135 1779 2188 δι’).γέ

219 2215 394 2268 ἔχοντες
427 2216 484 2259 (v.
513 2215 612 2265 133)
636 2211 822 2267 respicit
856 2226 878 2252 e
913 2210 1074 2266 quibus
1109 2208 1315 2251 concludi
1347 2212 1499 2264 potest
1530 2208 1667 2249 verba
1699 2207 1776 2248 illa

217 2301 373 2328 versus
411 2287 506 2335 113,
555 2285 790 2338 vo'oqw—
815 2282 975 2335 οἰζύος,
1018 2281 1064 2322 in
1107 2284 1322 2335 argentea
1367 2284 1516 2321 aetate
1558 2293 1648 2320 non
1690 2278 1778 2319 iam

218 2357 434 2412 viguisse.
512 2355 746 2409 Quomodo
795 2369 865 2396 res
916 2368 962 2395 se
1011 2352 1148 2394 habet
1198 2366 1295 2393 cum
1344 2351 1500 2392 horum
1550 2350 1779 2391 hominum

220 2438 453 2470 senectute
497 2436 541 2469 et
584 2425 759 2468 morte?
823 2425 939 2466 Sane
974 2439 1028 2466 ex
1061 2438 1113 2465 eo
1148 2422 1267 2478 quod
1300 2422 1353 2463 de
1386 2421 1581 2462 infantia
1615 2420 1780 2462 dicitur

221 2499 436 2554 colligere
479 2498 587 2539 licet
631 2497 766 2539 etiam
809 2496 988 2537 adultos
1031 2509 1106 2536 eos
1150 2493 1330 2549 legibus
1374 2492 1600 2534 subiectos
1638 2491 1779 2532 fuisse

221 2570 465 2612 secundum
511 2584 620 2624 quas
663 2569 755 2609 vita
799 2568 994 2609 humana
1036 2565 1242 2621 procedit
1274 2578 1418 2619 neque
1451 2563 1565 2604 illud
1608 2563 1690 2604 αἰεὶ
1733 2561 1781 2603 ὁὲ-

219 2640 366 2693 πόὸας
406 2642 475 2682 καὶ
516 2644 670 2694 χεῖρας
713 2639 858 2692 ὁμοῖοι
904 2640 962 2692 (v.
990 2640 1089 2690 114)
1132 2635 1348 2691 viguisse.
1412 2635 1581 2675 Tamen
1619 2633 1781 2675 mirum

222 2723 302 2760 θεῖ,
338 2711 456 2766 quod
490 2716 621 2766 poeta
645 2724 935 2765 progressum
967 2709 1030 2749 ita
1054 2722 1136 2749 nos
1161 2707 1365 2749 conicere
1390 2705 1510 2756 sinit,
1544 2708 1781 2760 postquam

220 2795 311 2824 tam
335 2783 434 2823 fuse
458 2797 480 2823 a
506 2782 648 2837 prima
672 2781 863 2822 infantia
887 2779 1132 2821 incohavit.
1175 2777 1317 2819 Lehrs
1340 2784 1463 2818 recte
1487 2774 1777 2824 desideravit,

221 2860 270 2895 ut
303 2853 401 2895 loco
434 2867 645 2894 versuum
679 2852 841 2907 quibus
875 2850 930 2892 de
963 2850 1161 2891 moribus
1193 2848 1345 2903 agitur
1376 2853 1508 2902 poeta
1542 2845 1782 2902 potiusde

343 2997 351 3014 ¹
379 2995 542 3029 Praeter
568 3004 684 3028 unam
712 2993 759 3028 de
787 3003 862 3037 qua
890 2991 1019 3037 capite
1047 2995 1214 3026 exeunte
1241 2989 1464 3035 disputabo.
