1923 3288
758 252 1046 289 —27—

124 377 251 432 leges
283 377 608 432 libidinemque
650 377 824 432 ingenii
859 384 1036 419 secutus
1078 377 1323 433 imaginem
1356 378 1487 419 nobis
1521 378 1679 420 efferat

124 452 323 490 aetatum
351 461 464 503 quae
495 462 640 503 neque
672 462 820 489 rerum
844 448 1069 503 aequabili
1093 463 1223 490 cursu
1256 448 1501 504 procedant
1534 463 1679 504 neque

125 519 179 560 ab
213 518 368 560 eadem
399 518 678 560 inscribendi
709 519 885 560 ratione
917 519 1234 574 insigniantur,
1268 523 1319 560 ut
1341 519 1521 560 omnino
1544 524 1681 575 poeta

125 603 171 631 se
204 589 350 639 rebus,
394 602 484 630 non
518 589 605 630 sibi
637 603 708 630 res
743 589 988 631 subiecisse
1021 589 1253 631 videatur)
1317 590 1370 631 In
1413 590 1494 631 hac
1530 594 1678 631 autem

125 654 387 714 cognitione
429 660 634 713 constitit
678 674 819 715 neque
862 660 1043 715 longius
1086 660 1338 716 inquisivit.
1401 660 1542 702 Paulo
1576 668 1681 716 post¹

125 730 327 785 cognitio
360 731 459 786 ipsa
491 730 654 772 amissa
689 738 787 772 esse
819 731 1012 781 videtur⁷
1055 731 1296 787 praecipue
1331 731 1368 772 si
1401 731 1679 786 Goettlingii

124 806 168 843 et
231 800 531 843 Schoemanni
595 802 843 843 sententias
906 802 1111 856 legimus.
1195 802 1344 843 Etiam
1396 803 1478 843 Ed.
1522 802 1680 857 Meyer

123 886 285 915 aureae
316 876 493 913 tantum
526 872 688 914 aetatis
732 872 977 927 imaginem
1010 881 1114 915 ante
1146 873 1397 915 Hesiodum
1429 873 1569 914 fuisse
1601 888 1680 929 pu-

122 947 211 993 tat,
264 931 483 998 reliquam
530 943 834 985 narrationem
882 952 1023 985 totam
1072 945 1126 985 ab
1175 958 1227 985 eo
1276 944 1526 985 confectam
1580 958 1679 986 esse

124 1013 372 1056 contendit.

241 1085 331 1127 Sed
378 1085 600 1140 quomodo
648 1100 696 1126 re
744 1100 849 1127 vera
897 1085 985 1126 iam
1033 1085 1303 1127 narrationis
1349 1085 1679 1140 discrepantiae

123 1162 248 1197 ortae
283 1155 418 1197 sunt'?
466 1154 587 1209 Quas
620 1156 764 1211 primo
799 1165 842 1198 et
867 1157 1009 1198 altero
1042 1156 1142 1198 loco
1177 1156 1408 1211 composui
1441 1156 1679 1197 consilium

118 1227 306 1282 *aliquod
338 1234 558 1268 mutatum
594 1235 637 1268 et
671 1235 850 1268 auctum
884 1242 982 1269 esse
1012 1227 1175 1269 docent
1209 1227 1328 1282 quod
1359 1227 1547 1283 reliquis
1581 1242 1680 1283 pro-

121 1297 392 1354 prietatibus
427 1298 729 1340 confirmatur.
778 1299 918 1341 Facta
951 1302 1021 1341 est
1052 1301 1192 1353 igitur
1221 1301 1500 1341 narrationis
1523 1298 1699 1353 forma>

120 1383 211 1410 non
245 1368 415 1410 duabus
447 1369 643 1425 propriis
676 1368 842 1410 fabulis
867 1369 1131 1419 coniunctis,
1167 1384 1255 1411 non
1286 1369 1342 1410 ad
1373 1369 1680 1410 narrationem

122 1439 344 1495 quandam
377 1439 479 1481 aliis
512 1440 646 1482 rebus
680 1440 869 1482 adiectis
904 1440 983 1482 sed
1016 1443 1271 1496 antiquiore
1293 1441 1490 1496 quadam
1523 1454 1679 1483 narra-

122 1513 244 1554 tione
290 1513 548 1554 retractata.
618 1511 721 1552 Nisi
767 1511 850 1553 hoc
900 1511 1032 1552 modo
1081 1511 1486 1566 discrepantiarum
1534 1509 1717 1565 neque'

121 1582 364 1623 multitudo
405 1596 550 1637 neque
591 1589 748 1623 natura
796 1582 1092 1633 intellegitur.
1164 1582 1395 1623 Habemus
1437 1581 1679 1624 manifesto

120 1653 167 1694 in
200 1653 459 1694 narratione
502 1653 611 1694 duas
655 1653 902 1695 sententias
946 1667 1095 1694 secum
1128 1660 1397 1708 pugnantes.
1461 1652 1593 1706 Quod
1625 1668 1678 1695 eo

120 1728 295 1765 tantum
320 1724 538 1766 exsistere
561 1724 722 1780 potuit,
758 1724 876 1779 quod
908 1733 1041 1779 poeta
1067 1724 1245 1779 quidam
1270 1724 1345 1779 (1111
1370 1724 1422 1765 de
1446 1724 1678 1765 hominum

121 1809 364 1850 progressu
417 1795 551 1837 aliter
604 1795 744 1836 sensit
800 1795 1048 1836 narrationi
1102 1809 1225 1836 suam
1280 1795 1547 1836 sententiam
1599 1795 1680 1836 im-

120 1865 315 1921 primere
348 1865 534 1908 studuit.
599 1865 730 1919 Quod
764 1866 804 1908 ei
846 1881 936 1907 non
968 1866 1101 1921 plane
1135 1865 1342 1920 contigit,
1386 1860 1521 1906 immo
1565 1865 1680 1907 anti-

123 1937 253 1992 quior
294 1951 450 1978 sensus
491 1937 747 1979 interlucet.
811 1937 901 1978 Hic
934 1945 1083 1978 autem
1116 1944 1184 1978 est
1214 1937 1251 1977 is
1286 1937 1360 1992 qui
1394 1936 1677 1978 metallorum

121 2007 277 2050 ordine
318 2007 558 2059 indicatur,
603 2023 707 2049 nam
748 2022 932 2050 necesse
975 2017 1042 2049 est
1084 2008 1389 2049 narrationem
1434 2007 1677 2062 genuinam

122 2083 292 2120 certum
340 2093 518 2120 sensum
566 2079 790 2121 habuisse.
854 2078 1005 2119 Etiam
1052 2093 1131 2134 per
1177 2093 1223 2120 se
1268 2078 1562 2119 verisimilius
1609 2083 1678 2119 est

120 2150 405 2192 metallorum
438 2150 600 2192 seriem
623 2150 848 2205 genuinae
880 2149 1153 2190 narrationis
1186 2150 1356 2197 formae
1388 2149 1677 2204 respondisse

119 2225 279 2277 postea
318 2226 531 2273 mutatae,
575 2236 706 2277 quam
749 2221 805 2262 ad
848 2221 1153 2262 narrationem
1194 2226 1483 2262 retractatam
1523 2220 1679 2276 inepta-

119 2292 303 2333 nomina
325 2292 479 2334 addita
503 2307 614 2334 esse.
669 2292 803 2334 Certe
826 2292 1054 2334 HesIOdas
1075 2291 1380 2332 narrationem
1412 2291 1678 2332 retractavit

121 2362 246 2404 cuius
278 2362 512 2419 ingenium
546 2378 570 2405 e
601 2363 775 2404 ferreae
819 2363 980 2404 aetatis
1016 2362 1318 2417 descriptione
1352 2361 1528 2403 elucere
1562 2376 1678 2402 com-

119 2433 411 2476 mentationis
435 2434 620 2477 exordio
646 2433 1006 2475 commemoravi.
1054 2433 1400 2475 Retractatione
1423 2432 1677 2473 accuratius

119 2510 357 2560 perspecta
398 2505 484 2546 hoc
517 2504 869 2547 confirmabitur.
933 2504 1005 2545 Ad
1048 2504 1131 2545 hoc
1166 2504 1255 2545 iam
1287 2504 1419 2545 nobis
1452 2510 1520 2545 est
1554 2518 1677 2545 acce-

121 2575 328 2627 dendum,
372 2576 478 2632 quia
518 2580 612 2618 tum
656 2576 830 2618 (1011111111
875 2575 993 2631 quod
1035 2576 1266 2617 effecimus
1306 2590 1386 2631 pro
1422 2580 1544 2617 certo
1577 2589 1678 2630 pro-

119 2646 312 2697 babitur,
356 2647 394 2688 si
427 2647 771 2698 ostenderimus,
817 2646 923 2702 quid
956 2647 1010 2687 ab
1045 2646 1248 2688 Hesiodo
1281 2650 1525 2701 receptum,
1571 2645 1678 2700 quid

121 2717 175 2758 ab
207 2716 307 2773 ipso
331 2717 533 2760 additum
557 2718 629 2759 vel
661 2724 881 2758 mutatum
906 2717 978 2759 sit.
1032 2717 1190 2772 Itaque
1223 2716 1279 2758 ad
1311 2717 1357 2758 id
1390 2716 1677 2772 pervenimus

121 2787 241 2842 quod
273 2788 436 2844 capitis
468 2788 602 2830 initio
637 2787 921 2830 enodandum
954 2787 1181 2843 proposui.
1236 2787 1311 2829 Sic
1344 2787 1677 2842 discrepantiae

120 2871 230 2912 quas
264 2859 503 2900 statuimus
544 2859 677 2900 huius
711 2858 990 2913 quaestionis
1025 2857 1153 2913 quasi
1186 2857 1525 2899 fundamentum
1560 2863 1676 2898 sunt.

121 2928 264 2970 Simul
285 2929 411 2984 ipsae
433 2930 698 2985 perspicuae
731 2929 841 2970 fient
875 2937 918 2970 et
943 2943 995 2970 eo
1019 2929 1164 2983 magis
1188 2928 1381 2970 Hesiodi
1406 2927 1676 2969 sententiam

120 2998 456 3054 intellegemus.
