1923 3288
879 212 1166 250 *13*

245 341 353 382 duas
387 340 560 395 priores
594 344 767 380 aetates
801 338 1053 393 amplexam
1086 338 1282 393 reliquas
1321 342 1412 381 tres
1446 339 1668 381 adiecisse
1704 354 1802 381 cen-

244 411 375 452 suit1.
450 410 602 451 Etiam
652 409 797 464 magis
846 408 1149 450 recentiorum
1201 409 1499 464 interpretum
1549 410 1802 452 sententiae

244 482 471 523 differunt.
535 481 721 528 Rohdeo
759 479 989 521 Hesiodus
1030 480 1305 521 narrationis
1349 481 1588 522 maximam
1630 484 1802 536 partem

243 552 297 593 ab
331 551 665 606 antiquioribus
699 550 848 606 poetis
882 553 1112 591 mutuatus
1147 565 1245 592 esse
1268 550 1461 602 videtur,
1496 552 1682 593 heroum
1708 554 1804 592 tan-

244 626 338 664 tum
382 626 577 663 aetatem
622 621 676 663 ab
720 622 818 676 ipso
852 620 1057 663 Hesiodo
1101 621 1354 663 confectam
1397 636 1495 663 esse
1529 622 1802 664 existimat&

243 693 414 735 Contra
445 693 710 749 Ed.Meye1-
749 707 849 734 eum
890 691 1004 733 nihil
1036 691 1126 733 nisi
1165 706 1327 733 aureae
1360 692 1524 734 aetatis
1557 692 1803 748 imaginem

243 763 508 818 suscepisse,
553 767 752 804 ceterum
796 766 939 804 totam
982 763 1288 805 narrationem
1334 778 1389 805 ex
1432 763 1575 818 ipsius
1617 763 1803 819 ingenio

244 834 515 890 profiuxisse
539 833 817 875 contendit⁵⁵.
866 833 1137 889 Nuperrime
1160 834 1209 876 Ρ.
1234 833 1558 876 Friedlaender
1578 834 1632 876 de
1654 849 1805 876 narra-

242 905 367 947 tione
399 919 506 946 usus
541 908 611 946 est
643 904 713 945 his
738 904 889 946 verbis
914 904 1002 946 ‘die
1035 919 1122 946 neu
1144 904 1421 946 uberdachte
1455 905 1546 946 und
1577 905 1803 960 geformte

243 976 361 1031 Sage
383 990 471 1017 von
506 975 592 1017 den
624 975 726 1016 fimf
747 975 1078 1016 Weltalter11’4.
1133 977 1282 1017 Antea
1314 975 1361 1016 in
1384 975 1589 1018 oratione
1621 976 1803 1018 tertiam

245 1051 291 1088 et
324 1049 527 1101 quartam
562 1050 759 1087 aetatem
792 1046 846 1086 ab
870 1045 1075 1087 Hesiodo
1110 1045 1334 1088 adiectam
1368 1061 1466 1088 esse
1491 1050 1761 1102 exposuerat
1775 1048 1801 1089 5.

361 1117 430 1157 Ex
444 1116 515 1158 his
532 1120 719 1172 apparet
735 1131 898 1172 operae
913 1116 1108 1171 pretium
1125 1107 1223 1158 esse
1241 1117 1288 1158 in
1306 1117 1420 1159 hanc
1438 1132 1532 1159 rem
1550 1117 1804 1159 accuratius

240 1188 483 1243 inquirere,
517 1192 580 1238 ut,
606 1191 825 1242 quatenus
850 1187 1044 1230 Hesiodi
1069 1187 1129 1228 sit
1151 1188 1366 1238 narratio,
1401 1188 1688 1244 perspicuum
1709 1188 1802 1230 fiat.

360 1258 431 1299 Ad
465 1258 580 1300 hanc
613 1258 924 1313 quaestionem
958 1258 1221 1300 solvendam
1256 1259 1410 1313 magni
1451 1259 1668 1301 momenti
1701 1274 1800 1301 esse

240 1333 350 1385 puto
374 1329 497 1371 aliud
521 1329 691 1384 aliquid
716 1329 835 1384 quod
859 1330 994 1371 etiam
1025 1343 1105 1385 per
1128 1344 1175 1371 se
1199 1329 1387 1384 dignum
1411 1337 1479 1371 est
1502 1330 1573 1371 cui
1607 1330 1803 1372 animum

239 1400 552 1442 intendamus:
587 1400 777 1456 praebet
799 1400 1000 1442 narratio
1034 1400 1199 1441 multas
1233 1400 1368 1442 miras
1394 1400 1721 1456 discrepantias
1749 1401 1805 1442 ad

240 1471 515 1513 sententiam
556 1472 700 1527 ipsam
742 1471 1023 1527 pertinentes
1066 1471 1228 1527 quibus
1262 1471 1441 1513 diversa
1479 1471 1544 1513 fit.
1608 1472 1805 1527 Exspec-

240 1542 426 1584 tandum
470 1546 538 1584 est
580 1543 661 1584 has
705 1542 1034 1598 discrepantias
1077 1570 1131 1572 a
1175 1542 1263 1584 nisi
1305 1543 1424 1584 forte
1466 1546 1570 1598 post
1608 1543 1802 1585 Hesiodi

241 1617 420 1669 tempus
463 1613 738 1655 exstiterunt
780 1613 899 1668 quod
940 1613 1040 1656 fieri
1082 1628 1171 1655 non
1205 1628 1338 1669 posse
1372 1624 1698 1668 cognoscemus
1731 1641 1802 1664 —‚

243 1684 467 1740 quomodo
509 1684 710 1726 narratio
753 1688 850 1726 orta
892 1684 963 1735 sit,
1006 1684 1314 1740 patefacturas
1359 1699 1471 1726 esse.
1536 1684 1685 1738 Quare
1724 1685 1804 1726 has

241 1770 313 1797 res
348 1755 617 1810 diligentius
645 1756 969 1811 perscrutabor,
1005 1756 1093 1797 etsi
1116 1755 1231 1797 hanc
1255 1755 1566 1811 quaestionem
1590 1755 1806 1797 difficilli-

243 1841 360 1867 mam
395 1840 492 1868 esse
527 1841 581 1868 ex
614 1841 666 1868 eo
700 1826 862 1876 elucet,
898 1826 1017 1881 quod
1050 1826 1126 1881 qui
1159 1826 1304 1867 adhuc
1338 1840 1435 1867 eam
1468 1829 1805 1881 temptaverunt

242 1912 332 1938 non
368 1897 547 1939 diversa
579 1900 755 1939 tantum
800 1897 879 1939 sed
912 1897 1049 1939 etiam
1092 1896 1203 1938 satis
1248 1896 1362 1938 mira
1401 1897 1661 1939 effecerunt.
1727 1897 1806 1940 Su-

243 1968 475 2023 scipienda
509 1972 579 2010 est
610 1972 795 2024 propter
827 1968 874 2009 id
906 1968 1066 2024 ipsum,
1101 1967 1219 2024 quod
1252 1968 1357 2010 inde
1391 1968 1541 2019 etiam,
1585 1972 1804 2024 quatenus

244 2040 437 2082 Hesiodi
469 2040 530 2081 sit
563 2039 776 2090 narratio,
813 2039 1029 2094 cognosci
1062 2053 1196 2095 posse
1230 2053 1332 2094 spes
1367 2042 1449 2080 est.

361 2111 425 2153 Ut
456 2111 546 2152 iam
576 2111 632 2152 ad
656 2111 967 2166 quaestionem
989 2110 1270 2166 propositam
1294 2109 1518 2160 accedam,
1551 2110 1804 2166 proximum

245 2186 326 2234 est,
359 2186 409 2224 ut
432 2182 706 2224 offensiones
731 2196 917 2237 quarum
940 2196 1106 2237 magna
1128 2181 1371 2223 multitudo
1402 2181 1654 2222 narrationi
1686 2181 1806 2223 inest

245 2254 533 2309 colligantur.
581 2253 741 2308 Neque
765 2253 1002 2308 quicquam
1026 2251 1325 2294 omittendum
1349 2254 1427 2293 aut
1448 2251 1688 2294 velandum
1713 2255 1804 2304 est;

244 2324 424 2367 facilius
459 2324 592 2374 enim,
627 2323 924 2365 difficultates
959 2323 996 2364 si
1026 2323 1355 2378 respexerimus
1379 2337 1546 2374 omnes,
1582 2323 1804 2378 quomodo

245 2399 371 2438 ortae
405 2395 508 2446 sint,
543 2394 882 2450 perspiciemus,

1008 2454 1046 2496 1.

362 2526 608 2567 Possumus
624 2530 774 2567 autem
791 2525 1047 2567 discernere
1063 2524 1383 2566 difficultatum
1397 2538 1567 2579 genera
1579 2527 1803 2579 quattuor.

244 2597 446 2639 Primum
464 2599 641 2652 spectat
659 2596 715 2637 ad
738 2599 1066 2651 argumentum.
1101 2596 1252 2637 Aurea
1269 2598 1420 2637 aetate
1437 2595 1663 2648 perfectus
1681 2595 1804 2637 vitae

244 2669 466 2710 humanae
510 2671 655 2709 status
699 2667 982 2709 describitur.
1046 2666 1123 2708 Illi
1164 2666 1370 2708 homines
1411 2665 1544 2707 liberi
1587 2669 1716 2708 erant
1748 2666 1802 2707 ab

366 2799 376 2817 ¹
403 2797 426 2832 l.
447 2808 479 2832 a.
506 2808 541 2842 p.
561 2799 618 2831 44.
765 2797 776 2815 2
802 2796 826 2830 1.
847 2807 878 2831 a.
905 2807 941 2841 p.
961 2797 1016 2830 94.
1163 2796 1176 2815 ³
1201 2795 1225 2830 1.
1246 2806 1278 2830 a.
1304 2806 1340 2840 p.
1363 2797 1440 2830 174.

364 2858 377 2876 ⁴
403 2856 569 2891 Hermes
595 2858 641 2890 48
668 2857 802 2898 (1913),
829 2866 865 2900 p.
884 2857 964 2890 562.

363 2918 376 2935 ⁵
402 2916 463 2951 De
490 2927 566 2961 qua
592 2916 762 2951 refertur
796 2916 836 2950 in
862 2915 1094 2950 Zeitschrift
1128 2915 1190 2949 fiir
1225 2914 1294 2949 das
1322 2914 1686 2959 Gymnasialwesen
1713 2915 1803 2948 1912

245 2978 317 3019 (76.
336 2976 498 3021 Jahrg.),
525 2975 562 3010 S.
581 2976 649 3010 802
665 2986 747 3020 sqq.
