1923 3288
875 225 1164 263 ῌ10-

243 354 395 396 siodus
438 354 483 394 in
525 353 731 409 proxima
764 351 961 408 Operum
1001 356 1130 407 parte
1169 351 1223 393 de
1256 351 1496 402 iniustitia,
1542 366 1628 407 qua
1659 351 1803 393 totius

241 425 396 481 populi
429 424 524 465 vita
556 423 602 464 in
636 423 763 478 peius
796 426 1014 473 vertatur,
1050 423 1248 478 exponit.
1313 422 1487 476 Quibus
1520 421 1805 477 argumentis

241 496 330 537 a]ia
372 494 551 536 adicere
593 507 727 549 posse
774 493 886 534 mihi
918 493 1089 535 videor.
1154 492 1409 535 Occurrunt
1450 493 1497 534 in
1541 492 1803 534 narratione

242 566 468 608 adiectiva
513 564 764 620 composita
809 563 1015 619 qualibus
1062 563 1261 619 Operum
1305 568 1439 620 poeta
1484 563 1551 605 uti
1596 563 1714 605 solet
1757 565 1804 604 et

242 651 427 692 quorum
471 635 690 677 nonnulla
730 635 827 690 ipse
871 634 1091 676 formasse
1137 634 1320 676 videtur
1363 635 1490 676 velut
1535 634 1807 687 ὁωροςῑάγος

243 724 298 752 (v.
326 711 393 758 39,
429 708 544 760 264),
590 706 902 760 πλουτοὸότης
935 708 1071 760 (126),
1106 705 1314 759 ῖθυὸίκης
1345 708 1479 760 (230),
1514 705 1804 758 ἐτωσιοεργός

243 782 376 829 (411),
422 777 715 831 ἀμβολιεωός
755 780 888 831 ((413),
932 776 1155 830 βούὸορος
1187 779 1321 831 (504),
1364 776 1635 830 ἁπαλόχρως
1668 776 1805 831 (519),

243 851 569 903 ἀκροκνέφαιος
613 851 747 904 (567).
819 848 991 890 Versus
1040 851 1121 889 196
1171 848 1258 889 duo
1307 847 1530 889 eiusmodi
1577 846 1806 888 adiectiva

241 921 429 977 praebet
462 934 575 976 quae
607 920 655 961 in
689 919 963 961 carminibus
997 919 1256 961 Homericis
1289 933 1380 960 non
1412 905 1639 973 leguntur,
1673 918 1805 959 κακό-

238 1007 404 1045 χαρτος
437 996 483 1033 et
517 991 821 1044 στυγερώπης,
857 1005 1046 1046 quorum
1078 990 1273 1046 primum
1307 989 1443 1031 etiam
1477 989 1523 1030 in
1557 988 1640 1044 Op.
1682 1003 1723 1030 v.
1748 990 1806 1029 38

242 1064 472 1105 habemus.
536 1062 688 1104 Etiam
731 1061 854 1103 aliud
886 1061 1138 1103 narrationi
1172 1076 1270 1103 cum
1305 1060 1530 1116 Operibus
1571 1072 1806 1102 commune

244 1144 331 1176 est:
376 1133 493 1175 ratio
536 1132 782 1183 indicandi,
828 1132 935 1188 quid
977 1132 1237 1174 hominibus
1281 1132 1541 1187 contigerit,
1615 1130 1808 1186 Saepius

243 1205 363 1247 enini
395 1213 530 1260 poeta
562 1205 608 1245 in
643 1203 882 1260 OperibuS,
917 1208 967 1245 ut
999 1203 1342 1245 adhortationes
1374 1203 1476 1258 plus
1518 1200 1810 1244 auctoritatis

242 1277 453 1327 habeant,
495 1276 696 1331 praemia
731 1276 802 1317 vel
844 1289 1013 1331 poenas
1052 1276 1277 1331 proponit,
1320 1274 1446 1316 velut
1478 1273 1684 1326 versibus
1718 1276 1806 1314 225

244 1347 298 1389 ad
333 1350 431 1397 237,
467 1349 713 1397 238-247,
750 1350 835 1387 260
855 1361 964 1402 sqq„
1006 1348 1254 1396 282—285,
1290 1348 1388 1396 302,
1431 1347 1678 1395 308--316,
1721 1347 1805 1386 321

245 1419 300 1460 ad
346 1421 443 1460 326.
522 1418 760 1459 Postremo
807 1431 1153 1459 commemorem
1199 1416 1397 1472 Operum
1447 1432 1488 1458 v.
1524 1419 1606 1457 237
1661 1418 1707 1458 et
1751 1415 1810 1457 ad

243 1506 284 1532 v.
313 1492 543 1531 117—118
575 1497 619 1531 et
643 1488 700 1530 ad
729 1504 770 1530 v.
798 1491 879 1529 173
905 1488 1120 1530 alludere.
1164 1488 1265 1530 Hoc
1293 1488 1512 1530 iudiciuin
1541 1486 1809 1543 quaestione

244 1562 341 1617 ipsa
386 1561 553 1603 certius
595 1560 692 1602 fore
736 1574 880 1615 spero,
922 1559 1166 1615 praecipue
1208 1574 1321 1610 cuin,
1369 1559 1476 1614 quid
1508 1562 1671 1615 poetae
1705 1572 1811 1600 con-

245 1633 396 1674 silium
440 1632 591 1682 fuerit,
635 1631 1012 1687 perspexerimus.
1077 1631 1150 1672 Ad
1191 1631 1308 1672 hanc
1349 1630 1494 1686 igitur
1526 1629 1809 1672 accedamus.

244 1705 311 1745 Ac
356 1703 501 1759 primo
548 1703 725 1758 quidem
772 1701 920 1758 capite
967 1702 1021 1744 de
1065 1701 1383 1743 nonnullorum
1430 1702 1631 1743 locorum
1680 1702 1810 1742 textu
1872 1735 1887 1745 .

247 1774 564 1816 constituendo
589 1788 735 1829 agam,
766 1773 930 1815 ceteris
955 1772 1250 1814 difficultates
1275 1777 1320 1814 et
1344 1771 1674 1828 discrepantias
1699 1784 1812 1826 quas

244 1846 410 1888 multas
443 1845 644 1887 narratio
686 1845 875 1901 praebet
907 1848 1231 1900 perscrutatus
1276 1843 1499 1899 quomodo
1532 1841 1811 1884 narrationis

245 1917 503 1959 Hesiodeae
538 1917 683 1958 forma
727 1925 825 1958 orta
860 1916 932 1966 sit,
977 1930 1210 1971 exponam,
1258 1915 1458 1957 fabulam
1491 1914 1637 1970 ipsam
1670 1912 1811 1968 expli-

246 1988 370 2037 cabo,
406 1988 601 2030 Hesiodi
635 1987 874 2029 consilium
908 2001 1166 2043 persequar.
