1923 3288
730 242 1019 279 ψ29-

96 367 374 422 agricultura
418 367 589 408 diceret
632 371 677 409 et
719 367 963 418 indicaret,
1010 372 1158 410 utrum
1203 374 1346 410 status
1391 384 1524 410 versu
1569 371 1649 410 117

96 437 348 493 descriptus
381 438 634 487 mansisset,
670 452 726 480 an
758 439 1006 480 necessitas
1040 439 1139 494 agri
1174 439 1349 481 colendi
1384 440 1649 481 exstitisset.

97 507 269 562 Quibus
310 508 444 550 rebus
488 509 683 563 cognitis
724 524 854 551 nemo
895 515 1016 551 certe
1057 510 1245 565 negabit
1284 515 1495 552 externae
1529 510 1650 552 vitae

96 579 445 634 descriptionem
468 579 684 635 abrumpi,
708 587 759 621 ut
783 580 877 621 eius
900 580 1000 622 loco
1023 595 1140 621 nova
1163 595 1234 622 res
1258 581 1483 622 introduci
1506 580 1652 636 possit

95 663 207 705 quae
248 655 410 705 poetae
452 650 643 692 maxime
687 651 809 692 cordi
853 651 992 692 fuisse
1034 651 1228 692 videtur.
1294 651 1427 693 Certe
1459 651 1651 706 primum

94 720 332 763 consilium
354 721 511 776 augeri
536 726 581 762 et
612 737 774 763 novam
807 737 899 763 rem
924 722 1161 773 introduci,
1197 723 1282 764 etsi
1307 737 1360 764 ex
1385 723 1650 764 anteceden-

92 791 215 833 tibus
237 807 327 833 non
350 796 650 847 exspectatur,
685 807 740 834 ne
764 808 848 847 ego
873 793 1053 848 quidem
1085 793 1303 849 improbo.
1350 793 1494 849 Saepe
1516 798 1650 849 poeta

93 862 264 918 aliquid
295 862 423 904 addit
456 862 575 918 quod
607 863 663 904 ad
695 878 789 904 rem
822 863 969 905 minus
1001 864 1213 919 pertinet.
1268 864 1356 906 Sed
1390 864 1464 905 hic
1497 864 1650 905 statim

92 933 224 976 initio
256 930 374 976 nova
405 948 477 976 res
499 948 587 975 una
611 949 709 975 cum
733 934 875 975 altera
898 934 1123 976 indicatur
1146 939 1191 976 et
1213 935 1290 985 ita,
1325 938 1375 976 ut
1404 949 1535 990 pares
1560 935 1652 976 sint

222 1042 399 1094 χρυσέῳ
434 1039 537 1082 οὔτε
571 1041 692 1094 (svm
726 1041 971 1093 ἐναλίγκιον
1004 1040 1104 1083 οὔτε
1143 1042 1285 1094 νόημα
1320 1044 1377 1095 (v.
1406 1043 1518 1095 129).

94 1146 423 1189 Gravissimum
455 1151 604 1188 autem
639 1152 707 1188 est
741 1147 856 1201 quod
889 1147 1033 1202 prima
1065 1162 1136 1188 res
1169 1162 1258 1188 non
1290 1146 1535 1202 perficitur,
1572 1147 1650 1188 sed

93 1218 243 1260 subito
267 1217 503 1260 deseritur.
558 1218 687 1259 Nova
720 1232 767 1258 re
800 1218 942 1272 igitur
963 1218 1221 1259 introducta
1243 1219 1386 1273 prima
1411 1218 1650 1260 detrimen-

91 1293 187 1331 tum
221 1290 354 1345 capit.
418 1289 518 1330 Hoc
562 1304 613 1331 eo
648 1289 826 1330 defendi
861 1304 949 1329 non
982 1293 1145 1344 potest,
1191 1289 1308 1344 quod
1340 1289 1570 1330 Hesiodus
1604 1290 1649 1331 in

91 1375 225 1404 versu
245 1363 326 1402 106
344 1360 565 1402 rationem
585 1374 709 1401 suam
725 1360 935 1401 narrandi
951 1361 1088 1401 verbo
1106 1361 1387 1413 {xxoovcsofw
1405 1360 1646 1415 significat.

208 1431 352 1473 Lehrs
387 1445 452 1481 eo,
488 1431 605 1486 quod
638 1445 754 1472 nova
786 1445 857 1471 res
890 1430 1191 1472 introducitur
1219 1437 1264 1472 et
1295 1431 1394 1472 fuse
1427 1434 1650 1472 tractatur

91 1502 228 1544 alium
262 1506 491 1544 auc-torem
525 1501 739 1556 cognovit
773 1506 818 1553 et
851 1517 928 1543 suo
962 1502 1070 1551 iure,
1107 1501 1192 1542 etsi
1225 1502 1405 1543 modum
1440 1502 1646 1542 excessit.

92 1573 214 1616 Fieri
257 1588 347 1615 non
390 1573 550 1629 potuit,
597 1576 646 1614 ut
690 1572 809 1614 idem
854 1576 988 1627 poeta
1032 1573 1335 1614 narrationem
1383 1572 1468 1614 hoc
1516 1572 1647 1614 modo

90 1644 361 1700 produceret
402 1650 446 1686 et
488 1644 543 1685 ad
586 1657 764 1685 auream
808 1648 1003 1685 aetatem
1036 1644 1173 1685 talem
1207 1648 1450 1698 argenteae
1484 1643 1647 1684 aetatis

94 1715 443 1771 descriptionem
477 1715 689 1756 adiceret.
740 1714 906 1756 Obstat
939 1714 1073 1755 etiam
1106 1714 1183 1755 ille
1216 1729 1373 1756 versus
1401 1717 1481 1755 129
1518 1728 1648 1768 quem

89 1786 392 1842 transscripsi.
457 1785 532 1827 Sic
571 1800 762 1841 pergere
801 1800 888 1826 non
928 1789 1080 1840 potest
1119 1785 1192 1839 qui
1234 1785 1279 1825 in
1323 1799 1457 1826 aurea
1499 1790 1648 1826 aetate

90 1857 204 1899 nihil
239 1857 292 1899 de
324 1858 515 1910 νοήμασι
551 1854 678 1897 dixit.
729 1854 859 1908 Quod
892 1855 1082 1897 Lehrsio
1117 1855 1295 1910 quidam
1330 1862 1646 1910 opposuerunt,

91 1943 307 1969 summam
353 1942 447 1969 rem
495 1942 584 1969 non
631 1927 793 1982 tangit.
859 1927 960 1967 Hoc
1007 1930 1181 1967 tantum
1227 1930 1557 1967 annotaverunt
1602 1926 1647 1966 in

91 2014 226 2041 aurea
258 2002 409 2041 aetate
441 1998 614 2054 aliquid
658 1998 712 2040 de
745 1998 944 2039 moribus
978 1998 1126 2039 dicere
1162 2012 1542 2053 supervacaneum
1574 1997 1648 2038 vel

90 2071 294 2126 ineptum
334 2069 488 2112 fuisse.
555 2069 642 2111 Sed
676 2069 761 2110 hoc
794 2077 1060 2123 argumento
1093 2068 1205 2109 nihil
1251 2068 1516 2123 explicatur,
1559 2068 1647 2108 nisi

91 2156 169 2183 cur
198 2141 238 2182 is
271 2141 347 2196 qui
379 2144 643 2195 argenteam
688 2144 883 2181 aetatem
919 2139 1113 2181 confecit
1147 2139 1202 2180 ad
1236 2153 1417 2180 auream
1451 2142 1647 2180 aetatem

90 2211 261 2267 aliquid
303 2211 358 2254 de
398 2211 596 2253 moribus
640 2212 817 2254 adicere
849 2211 1052 2252 omiserit
1085 2210 1158 2252 vel
1191 2210 1399 2251 omittere
1432 2209 1644 2265 potuerit,

88 2297 193 2325 nam
223 2283 313 2339 ipsi
355 2297 534 2324 auream
576 2286 772 2324 aetatem
816 2282 951 2323 etiam
995 2281 1192 2322 moribus
1224 2281 1472 2336 perfectam
1506 2280 1646 2321 fuisse

88 2354 231 2410 ipsius
253 2368 410 2395 versus
437 2356 519 2394 129
554 2353 778 2395 sententia
802 2352 1069 2393 ostenditur.
1125 2352 1172 2393 Si
1205 2354 1354 2392 autem
1389 2350 1646 2406 ipse-huius

90 2424 253 2466 aetatis
287 2424 635 2480 descriptionem
661 2423 866 2473 confecit,
903 2438 980 2463 cur
1011 2423 1126 2463 hanc
1161 2422 1430 2463 sententiam
1463 2436 1552 2462 non
1576 2436 1646 2462 ex-

89 2495 305 2552 presserit
336 2510 425 2537 non
456 2495 755 2549 intellegitur.
811 2493 936 2547 Quae
976 2508 1074 2534 cum
1106 2493 1172 2534 ita
1205 2492 1293 2533 sint
1329 2492 1525 2533 dubitari
1557 2507 1645 2533 non

89 2569 254 2622 potest,
298 2566 404 2621 quin
437 2570 683 2621 argenteae
716 2564 879 2606 aetatis
922 2563 1166 2619 descriptio
1201 2578 1331 2618 quam
1364 2563 1557 2617 legimus
1591 2562 1645 2603 ab

88 2637 180 2679 alio
212 2642 347 2693 poeta
370 2637 575 2679 confecta
608 2637 667 2678 sit
690 2644 823 2691 atque
857 2649 1018 2676 aureae
1052 2634 1215 2676 aetatis
1250 2634 1507 2688 descriptio.
1558 2633 1646 2675 Sed

91 2712 212 2750 certe
235 2708 377 2750 Lehrs
410 2707 590 2749 modum
614 2707 820 2756 excessit,
856 2721 954 2748 cum
987 2706 1130 2760 ipsam
1154 2708 1349 2746 aetatem
1373 2704 1451 2746 alii
1484 2710 1645 2759 poetae

89 2778 250 2820 tribuit
291 2782 337 2820 et
378 2779 432 2820 ab
467 2793 601 2820 aurea
633 2778 767 2833 plane
800 2776 1031 2818 disiunxit.
1096 2776 1264 2817 Versus
1298 2775 1457 2830 quibus
1493 2774 1546 2816 de
1579 2775 1644 2815 in-

89 2849 234 2891 fantia
277 2849 430 2904 agitur
474 2854 517 2891 et
559 2849 698 2891 verba
744 2847 867 2900 ἄλγε’
913 2847 1088 2901 ἔχοντες
1129 2846 1185 2888 ad
1227 2861 1406 2888 auream
1450 2848 1645 2887 aetatem

91 2923 296 2975 spectare
339 2920 590 2961 statuimus.
654 2919 857 2968 Accedit,
903 2918 1020 2973 quod
1063 2922 1108 2959 et
1148 2917 1195 2958 in
1237 2932 1370 2958 versu
1408 2919 1489 2957 110
1523 2919 1568 2957 et
1599 2915 1644 2956 in

90 3005 131 3032 v.
159 2993 240 3032 128
265 2991 430 3033 dicitur
451 2993 645 3044 ποίησαν
675 2990 897 3043 Ὀλύμπια
930 2988 1109 3042 ὁώμοιτ5
1133 2987 1318 3042 ἔχοντες.
1375 2986 1643 3028 Coniunctio
