1923 3288
980 241 1034 278 26
1100 265 1152 267 -u

228 368 461 410 interitum
505 367 621 408 ferre
652 392 709 396 —
743 367 861 422 quod
903 366 1119 408 iudicium
1152 367 1405 409 Hesiodum
1444 367 1657 409 habuisse
1689 367 1786 409 veri

229 443 296 480 est
331 437 680 479 dissimillimum
706 464 773 488 —,
807 437 892 478 hoe
925 437 1076 492 aliquo
1110 437 1242 479 modo
1267 437 1468 480 indicare
1492 438 1661 480 debuit.
1714 439 1786 479 Ita

228 514 277 550 ut
318 508 517 549 narratio
560 507 743 562 legitur,
790 507 878 549 nisi
924 507 978 549 de
1022 507 1195 549 duobus
1238 508 1456 563 gradibus
1499 523 1610 563 quos
1651 512 1789 564 poet-a

227 579 396 634 primos
428 578 612 619 humani
634 579 816 633 generis
842 582 985 620 status
1018 578 1210 634 putavit,
1245 593 1424 620 auream
1455 582 1500 620 et
1523 582 1785 634 argenteam

228 653 422 690 aetatem
454 649 725 704 intellegere
758 664 847 691 non
880 664 1130 705 possumus.
1185 649 1378 691 Accedit
1401 650 1519 705 quod
1542 653 1787 705 argenteae

229 719 389 761 aetatis
415 719 707 775 explicationi
732 724 775 761 et
798 734 962 761 nomen
985 720 1136 761 obstat
1160 725 1203 761 et
1227 720 1364 762 verba
1396 720 1513 762 πολὺ
1532 721 1788 774 χειρότερον

228 798 285 842 (v.
314 792 413 844 122)
438 790 598 845 quibus
632 804 729 831 eam
763 805 852 832 11011
885 791 1019 845 plane
1052 791 1215 832 malam
1249 805 1346 832 esse
1380 795 1579 846 apparet.
1628 791 1786 846 Neque

227 875 251 901 a
279 861 416 902 tertia
449 867 597 902 aetate
630 875 793 902 novam
827 861 990 903 seriem
1023 861 1224 917 incipere
1246 876 1495 917 possumus,
1532 877 1630 903 cum
1652 866 1788 917 poeta

227 946 323 973 eam
357 946 455 972 cum
490 932 786 973 antecedente
815 931 1098 973 coniunxerit
1122 932 1272 973 verbis
1309 934 1456 985 τρίτον
1490 932 1628 974 ἄλλο
1661 934 1787 985 γένος

228 1014 284 1056 (pv.
320 1005 418 1056 143)
463 1002 621 1057 quibus
664 1002 851 1044 alteram
895 1007 1090 1045 aetatem
1133 1003 1269 1045 tertia
1311 1003 1457 1059 excipi
1498 1003 1787 1049 manifestum

226 1073 290 1116 fit.
349 1074 591 1116 Praeterea
625 1073 799 1129 Meyeri
833 1074 1059 1116 sententia
1091 1074 1314 1116 refutatur
1347 1089 1399 1116 eo
1434 1075 1552 1130 quod
1584 1075 1707 1117 aurei
1741 1078 1785 1116 et

227 1145 433 1199 argentei
467 1144 635 1186 saeculi
669 1145 872 1187 homines
906 1152 1008 1200 post
1042 1149 1233 1187 mortem
1257 1145 1497 1188 daemones
1529 1146 1643 1187 fiunt
1668 1145 1787 1201 quod

226 1216 334 1257 item
371 1230 547 1257 sensum
580 1230 669 1257 non
705 1216 901 1266 exhibet,
934 1216 1024 1257 nisi
1057 1216 1125 1257 illi
1150 1216 1353 1258 homines
1376 1222 1537 1272 poetae
1562 1216 1792 1259 sententia

227 1286 469 1342 aliquando
493 1287 716 1329 vixerunt.
767 1286 1002 1340 Quomodo
1035 1287 1241 1329 homines
1276 1302 1386 1343 quos
1408 1288 1578 1330 vixisse
1611 1291 1786 1329 tantum

219 1358 377 1412 finxit,
422 1358 661 1400 daemones
707 1358 909 1400 faceret?
976 1359 1136 1414 Itaque
1181 1358 1357 1414 Meyeri
1402 1359 1627 1400 sententia
1674 1372 1789 1414 quae

226 1428 345 1470 dicta
390 1435 491 1470 ¹sunt
537 1444 562 1470 a
608 1434 742 1484 poeta
783 1444 864 1485 pro
906 1444 995 1471 non
1040 1429 1186 1477 dictis,
1233 1444 1322 1471 non
1366 1430 1487 1472 dicta
1529 1445 1609 1485 pro
1653 1429 1789 1471 dictis

226 1499 430 1555 accipere
454 1500 669 1555 cogimur.
721 1500 826 1542 Solo
860 1500 941 1542 illo
976 1501 1022 1542 ἐκ
1053 1501 1212 1554 giffudi!
1243 1501 1394 1542 fulciri
1418 1501 1611 1543 videtur.
1666 1499 1786 1554 Quid

226 1570 308 1611 hoc
343 1571 389 1611 111
422 1572 557 1613 tertia
592 1576 741 1613 aetate
775 1572 860 1613 sihi
894 1571 1019 1621 velit,
1054 1571 1171 1613 infra
1204 1572 1472 1614 videbimus.

345 1642 411 1682 Ex
455 1642 829 1684 antecedentibus
872 1643 955 1684 hoc
1001 1647 1122 1684 certe
1165 1643 1480 1698 cognoscimus
1526 1645 1790 1685 narratione

228 1726 361 1755 imum
406 1715 451 1756 et
490 1716 750 1756 continuum
793 1714 995 1756 ordinem
1039 1716 1279 1763 contitzeri,
1324 1713 1527 1769 quamvis
1570 1713 1789 1755 mirificus

231 1783 301 1824 sit.
365 1784 475 1834 Iam,
511 1784 733 1839 quomodo
767 1791 892 1825 ortus
926 1784 997 1835 sit,
1033 1799 1309 1840 quaeramus.

987 1914 1027 1957 3.

345 1997 464 2037 Huic
518 1997 774 2052 quaestioni
827 2012 1028 2052 propono
1081 1997 1188 2038 hoc:
1248 1996 1579 2053 discrepantiae
1633 2011 1790 2039 omues

227 2067 382 2108 eodem
416 2067 548 2109 modo
572 2067 883 2123 respiciendae
908 2073 1033 2109 sunt:
1069 2082 1122 2109 ex
1155 2083 1244 2109 una
1275 2083 1324 2110 re
1358 2072 1487 2110 caute
1521 2067 1787 2110 concluden-

227 2138 329 2179 dum
364 2147 432 2180 est
467 2146 510 2180 et
534 2139 779 2181 videndum
803 2139 1149 2181 consentiantne
1174 2144 1366 2182 ceterae,
1421 2138 1552 2193 Quod
1585 2139 1624 2180 si
1655 2139 1788 2181 nobis

226 2218 330 2252 ante
380 2210 534 2252 oculos
581 2210 886 2266 posuerimus,
939 2210 1342 2267 discrepantiarum
1388 2211 1611 2266 originem
1660 2209 1788 2266 quasi

228 2281 344 2322 ultro
369 2296 467 2323 sese
491 2281 745 2323 oblaturum
771 2296 868 2324 esse
892 2297 1036 2338 spero.
1086 2283 1244 2338 Neque
1277 2282 1446 2324 multae
1469 2281 1788 2338 explicationis

226 2352 327 2393 viae
362 2359 614 2408 supersunt.

344 2423 411 2464 Ex
437 2423 843 2479 discrepantiarum
868 2439 1039 2466 summa
1063 2424 1265 2480 sequitur
1291 2424 1564 2466 narrationis
1597 2424 1787 2465 formam

225 2494 439 2535 traditam
472 2509 560 2536 11011
586 2509 639 2536 ex
661 2495 794 2536 unius
818 2499 861 2537 et
886 2495 1087 2537 eiusdem
1110 2501 1271 2551 poetae
1294 2495 1480 2551 ingenio
1503 2494 1786 2551 profluxisse.

227 2563 357 2617 Quod
401 2566 486 2607 etsi
528 2565 734 2607 nonnulli
768 2566 967 2621 priorum
1002 2566 1300 2622 interpretum
1343 2570 1592 2617 senserunt,
1635 2569 1786 2607 tamen

226 2651 356 2677 nemo
390 2645 480 2677 tam
515 2641 723 2679 accurate
757 2638 977 2693 expressit
1002 2652 1133 2693 quam
1160 2638 1419 2680 Vollbehr1.
1467 2638 1627 2693 Itaque
1649 2637 1790 2679 verba

227 2707 322 2747 eius
356 2708 691 2749 transscribam.
742 2709 906 2763 ‘Atque
930 2708 1137 2763 equidem
1168 2723 1257 2750 non
1280 2723 1461 2764 possum
1483 2708 1646 2758 facere,
1680 2707 1787 2763 quin

226 2778 546 2820 informatione
599 2778 816 2834 peculiari
869 2779 1000 2820 huius
1053 2779 1327 2821 narrationis
1381 2779 1626 2835 diligenter
1685 2793 1786 2821 con-

228 2848 423 2890 siderata
456 2850 672 2904 profitear
704 2850 928 2892 neminem
962 2851 1056 2892 fore
1089 2854 1269 2906 poetam
1293 2851 1369 2906 qui
1391 2851 1523 2893 unice
1545 2850 1656 2892 artis
1680 2861 1788 2891 suae
