1923 3288
764 229 814 231 le
881 205 935 243 23
1001 228 1050 232 ,c

130 329 283 371 conati
325 333 441 371 sunt.
507 329 582 370 Sic
620 336 811 385 egerunt
843 332 1092 380 Voelcker1,
1135 333 1271 386 Lang,
1316 332 1482 374 Betke²
1525 332 1685 387 quibus

130 399 266 441 etiam
307 400 556 442 Buttmann
589 407 633 442 et
666 401 941 456 Bamberger
975 402 1299 444 adnumerandi
1333 408 1435 443 sunt
1469 402 1555 457 qui,
1599 402 1685 444 etsi

130 470 268 512 etiam
291 470 621 525 discrepantias
644 471 789 526 primo
812 472 912 514 loco
937 473 1151 515 collecta-s
1176 477 1500 529 cognoverunt,
1534 478 1685 515 tamen

129 555 184 583 ex
215 541 294 582 illa
326 541 520 583 maxime
552 543 858 585 narrationem
893 543 1117 598 explicare
1152 544 1434 586 studuerunt.

246 612 315 653 Ex
346 612 439 663 illo,
474 612 592 667 quod
624 613 671 654 in
694 614 953 656 narratione
977 620 1021 656 et
1045 619 1189 656 status
1214 615 1406 670 quodam
1434 615 1566 657 modo
1590 615 1687 657 veri

129 686 175 724 et
216 688 360 725 status
403 684 682 738 cogitatione
724 684 819 726 ficti
863 685 1190 735 describuntur,
1234 685 1355 727 effici
1396 700 1527 741 posse
1558 690 1686 741 puta-

128 757 293 795 verunt
333 753 445 795 haec
487 754 711 796 elementa
752 769 840 796 non
884 770 909 796 a
942 756 1086 811 primo
1121 756 1360 798 coniuncta
1393 771 1505 803 esse,
1549 757 1685 798 immo

127 828 287 879 postea
329 824 505 866 demum
550 825 706 868 coisse.
751 840 849 867 Cum
891 837 969 868 aut
1010 827 1238 882 antiquior
1282 827 1500 882 quaedam
1532 827 1687 868 fabula

127 899 260 936 aucta
302 898 380 936 aut
421 895 533 937 duae
573 895 755 937 fabulae
799 905 1032 952 separatae
1067 898 1334 939 coniunctae
1367 901 1532 939 essent.
1585 897 1686 939 Hoc

129 965 283 1008 effecit
313 966 613 1022 Bamberger³
647 967 718 1008 cui
744 968 863 1022 Cras
889 968 1136 1010 assentitur
1150 970 1177 1019 4,
1214 983 1311 1010 cum
1345 968 1390 1009 in
1423 968 1683 1010 narratione

128 1036 238 1078 duas
283 1037 487 1079 diversas
531 1037 708 1079 fabulas
755 1038 915 1080 statuit
961 1054 1071 1092 quae
1113 1043 1298 1094 propter
1341 1038 1686 1081 similitudinem

127 1107 352 1163 quandam
380 1108 427 1149 in
450 1123 585 1155 unum
611 1123 771 1164 corpus
796 1114 979 1151 coactae
1003 1114 1168 1155 essent,
1217 1110 1337 1151 Illud
1361 1114 1516 1152 contra
1538 1110 1685 1151 visum

127 1182 197 1220 est
217 1179 496 1222 Battmanno
511 1181 526 1202 ⁵
559 1179 634 1234 qui
658 1188 749 1221 tres
772 1180 946 1235 priores
971 1184 1157 1231 aetateS,
1192 1182 1449 1224 Voelckero⁴³
1477 1181 1551 1236 qui
1575 1181 1685 1222 duas

127 1249 311 1291 ultimas
353 1250 632 1305 antiquiores
675 1251 864 1305 putavit,
909 1259 1144 1306 praeterea
1186 1253 1356 1306 Langio
1398 1255 1443 1294 et
1472 1252 1688 1294 Betkeio⁷

127 1320 203 1375 qui
241 1320 351 1362 duas
383 1321 558 1376 priores
592 1326 765 1362 aetates
799 1327 1106 1376 pei-vetustam
1141 1338 1195 1363 ex
1228 1323 1403 1364 oriente
1435 1322 1686 1377 profectam

127 1390 326 1432 fabulam
369 1406 468 1433 esse
507 1392 837 1434 contenderunt
871 1393 940 1433 cui
974 1392 1217 1443 Hesiodus,
1263 1393 1486 1448 quomodo
1522 1392 1686 1434 Graeci

125 1462 357 1518 progressi
402 1466 576 1513 essent,
623 1463 880 1504 adiecisset.
943 1463 1043 1505 Etsi
1089 1464 1200 1505 haec
1242 1463 1470 1505 conclusio
1515 1478 1537 1505 e
1578 1477 1687 1505 vera

127 1533 317 1588 quadam
358 1533 676 1576 observatione
710 1534 889 1590 pendet,
932 1539 1082 1576 tamen
1117 1534 1231 1575 hanc
1264 1540 1434 1576 rectam
1466 1534 1685 1576 rationem

126 1618 216 1645 non
249 1618 349 1646 esse
382 1605 571 1646 effectus
604 1605 701 1660 ipse
735 1605 948 1646 ostendit.
1004 1604 1123 1658 Quid
1157 1605 1274 1647 enim
1299 1605 1434 1654 valet,
1470 1605 1508 1646 si
1535 1619 1687 1646 narra-

127 1674 298 1716 tionem
332 1675 398 1716 sic
430 1675 748 1731 persecamus'?
804 1676 1097 1726 Buttmanno‚
1131 1680 1181 1717 ut
1212 1676 1464 1717 narrationi
1497 1690 1627 1731 quam
1661 1690 1684 1717 e

127 1745 274 1787 tribus
307 1745 533 1801 prioribus
567 1745 793 1787 aetatibus
829 1746 1090 1787 constitisse
1118 1746 1298 1801 putavit
1322 1760 1502 1788 sensum
1525 1760 1686 1802 suppo-

124 1820 268 1867 neret,
312 1831 410 1858 eam
450 1816 655 1872 pluribus
697 1816 809 1858 locis
848 1822 1065 1858 mutatam
1099 1831 1197 1858 esse
1231 1816 1541 1872 accipiendum
1575 1819 1684 1867 erat,

125 1892 176 1929 ut
207 1887 390 1929 minime
422 1887 686 1929 verisimilis
721 1887 781 1929 sit
813 1889 909 1929 eius
943 1888 1184 1933 sententia,
1238 1887 1412 1929 Omitto
1446 1887 1686 1929 Voelckeri

127 1958 400 2000 sententiam
421 1958 555 2014 plane
578 1973 849 2014 perversam,
882 1959 1041 2013 Neque
1060 1974 1166 2000 vero
1191 1959 1487 2013 Bambergeri
1513 1958 1684 2014 ‘mytho

124 2029 455 2085 philosophico'
490 2034 569 2071 aut
599 2030 850 2071 narrationi
880 2045 1010 2085 quam
1034 2031 1164 2085 Lang
1188 2034 1233 2071 et·
1255 2030 1401 2071 Betke
1425 2028 1685 2084 antiquissi-

125 2114 243 2141 mam
283 2103 571 2155 putaverunt,
616 2100 897 2155 probabilem
940 2115 1120 2142 sensum
1160 2100 1329 2145 elicies,
1381 2099 1445 2141 Ut
1477 2099 1684 2141 omittam

73 2166 78 2171 ’
126 2171 271 2226 prima
303 2175 454 2213 aetate
488 2171 681 2213 maxime
715 2176 882 2212 statum
915 2171 1058 2213 altera
1088 2171 1281 2212 maxime
1304 2184 1450 2212 mores
1475 2169 1683 2220 describi,

126 2241 236 2297 quid
266 2248 402 2298 poeta
424 2241 495 2284 his
520 2242 713 2284 diversis
736 2241 1013 2296 imaginibus
1037 2242 1260 2297 oppositis
1284 2241 1486 2282 indicare
1508 2240 1686 2282 voluit?

125 2312 221 2369 Ipsi
242 2313 329 2355 hoc
352 2312 664 2355 demonstrare
687 2313 763 2354 vix
787 2313 937 2354 conati
961 2317 1078 2354 sunt.
1113 2312 1235 2354 Satis
1258 2312 1512 2353 habuerunt
1534 2326 1685 2352 narra—

124 2383 297 2426 tionem
309 2383 384 2426 vel
399 2383 786 2439 ‘philosophicam'
799 2383 872 2425 vel
889 2383 1130 2425 ‘moralem’
1147 2382 1421 2438 significare.
1447 2381 1683 2435 Quomodo

127 2458 277 2496 autem
308 2453 415 2496 talis
447 2454 648 2496 narratio
681 2459 773 2496 tam
796 2455 992 2496 vetustis
1024 2454 1305 2509 temporibus
1337 2453 1436 2495 fieri
1471 2453 1683 2508 potuerit,

127 2539 216 2566 non
250 2525 492 2581 explicant,

245 2595 576 2651 Cognoscimus
618 2596 703 2637 hac
735 2595 937 2637 violenta
978 2595 1154 2636 ratione
1187 2609 1267 2636 nos
1301 2594 1436 2636 finem
1471 2594 1684 2650 consequi

125 2680 215 2708 non
257 2680 404 2721 posse.
469 2667 628 2722 Neque
670 2681 751 2722 per
793 2680 840 2708 se
872 2665 1120 2707 verisimile
1166 2670 1235 2707 est
1268 2665 1378 2706 duas
1410 2664 1684 2707 narrationis

246 2785 256 2803 ¹
282 2784 530 2830 Mythologie
559 2784 627 2819 des
654 2784 900 2829 iapetischen
927 2783 1186 2818 Geschlechts
1211 2795 1248 2828 p.
1267 2785 1336 2817 *250
1352 2794 1435 2827 sqq.

245 2843 258 2862 ²
283 2842 307 2878 1.
327 2853 359 2878 a.
385 2854 422 2888 p.
441 2845 486 2878 39
501 2854 597 2888 sqq,
625 2843 691 2888 qui
717 2842 859 2888 Langii
886 2842 1123 2877 sententiam
1149 2842 1307 2887 repetit.

244 2902 258 2921 ³
282 2901 307 2936 1.
326 2912 359 2936 a.
384 2913 421 2947 p.
440 2904 509 2937 525
524 2913 608 2947 sqq.
753 2904 766 2921 ⁴
792 2902 815 2936 1.
836 2913 868 2936 a.
894 2913 930 2946 p.
952 2904 992 2935 11
1009 2912 1064 2945 sq.
1210 2902 1223 2919 ⁵
1249 2901 1272 2935 1.
1293 2912 1323 2936 a.
1351 2912 1387 2946 p.
1407 2902 1427 2933 5
1443 2911 1525 2944 sqq.

245 2961 258 2979 ⁶
284 2960 307 2995 1.
328 2971 360 2996 a.
386 2971 422 3005 p.
441 2963 510 2996 272
526 2971 608 3005 sqq.
756 2962 767 2980 ⁷
793 2960 816 2995 l.
837 2971 869 2995 a.
895 2971 932 3005 p.
949 2962 1006 2994 44.
