1923 3288
842 211 1134 250 —40-

326 341 396 382 Sic
440 340 667 395 perfectae
699 338 821 380 vitae
860 338 1010 392 imago
1044 338 1089 378 in
1123 341 1356 392 utramque
1388 343 1563 392 partem
1597 336 1763 377 descri-

205 411 340 452 bitur.
405 411 618 465 Apparet,
666 409 783 464 quod
816 408 948 449 initio
981 408 1232 463 generatim
1267 407 1417 457 statui,
1464 406 1709 461 imaginem
1742 420 1767 447 a

206 496 310 524 vera
335 481 430 522 vita
462 480 709 535 profectam
743 493 854 520 esse.
898 479 990 520 Res
1023 493 1135 533 quae
1170 482 1487 520 enumerantur
1520 481 1595 518 aut
1630 477 1765 518 mole-

207 556 376 593 starum
410 566 555 593 rerum
587 551 686 591 loco
719 550 1009 604 proferuntur
1040 553 1115 589 aut
1149 548 1364 590 iucundas
1398 563 1469 590 res
1503 552 1684 602 augent.

327 620 424 674 Quo
464 620 610 675 magis
644 620 901 675 opinionem
935 634 1047 675 quae
1079 633 1240 661 aureae
1274 619 1438 661 aetatis
1470 618 1669 673 imagine
1702 618 1767 659 in—

207 692 382 733 dicatur
424 692 764 746 intellegamus,
807 691 927 731 haud
968 690 1128 736 inutile
1170 690 1281 730 mihi
1323 690 1503 732 videtur
1544 688 1767 743 imagines

206 777 320 818 quae
362 762 405 803 in
452 762 724 803 carminibus
758 761 1015 803 Homericis
1049 761 1103 802 de
1136 760 1257 802 vitae
1292 764 1413 802 statu
1444 759 1766 802 florentissimo

206 834 498 875 inveniuntur
531 847 802 889 comparare.
858 832 970 873 Sunt
1004 838 1153 873 autem
1185 835 1299 873 tres:
1334 831 1541 886 Elysium
1576 829 1678 885 (Od.
1702 829 1767 870 IV

206 908 291 945 560
315 906 426 960 sqq.)
445 906 470 954 ¹,
514 904 744 945 Phaeaces
785 902 886 958 (Οά.
921 902 1162 943 VI—VIH
1204 901 1402 957 passim),
1446 901 1591 942 insula
1635 900 1768 956 Syria

206 975 308 1030 (Od.
343 975 432 1016 XV
464 977 549 1016 403
574 977 699 1030 sqq.).
763 974 969 1029 Elysium
1004 973 1212 1014 omittere
1244 987 1494 1028 possumus
1536 971 1639 1027 quia
1671 971 1768 1012 vita

204 1046 303 1102 ipsa
335 1046 587 1097 generatim
620 1050 795 1086 tantum
818 1044 969 1086 verbis
994 1045 1149 1097 ῥηίστη
1172 1042 1299 1096 βιοτή
1324 1042 1607 1084 describitur.
1654 1041 1768 1083 Con-

206 1117 454 1158 sideremus
496 1116 639 1171 igitur
679 1115 935 1157 Phaeacum
988 1119 1167 1155 statum.
1240 1113 1397 1168 Imago
1450 1112 1676 1154 nonnullis
1721 1111 1791 1155 in,

205 1188 337 1229 rebus
372 1202 470 1228 cum
504 1201 639 1228 aurea
673 1191 821 1228 aetate
856 1185 1079 1227 consentit
1096 1184 1121 1226 ².
1186 1183 1336 1225 Etiam
1368 1184 1442 1225 hic
1476 1183 1669 1225 occurrit
1694 1183 1768 1225 (le-

205 1258 418 1300 siderium
453 1273 537 1313 quo
571 1257 776 1299 homines
810 1257 929 1298 laete
952 1256 1047 1297 vita
1079 1255 1168 1296 frui
1203 1255 1402 1311 cupiunt.
1447 1254 1632 1306 Ἂνὸρες
1655 1255 1767 1295 οἶνο-

203 1333 401 1382 .”ιοτι)οες
423 1329 651 1370 Phaeaces
675 1332 895 1369 vocantur
919 1326 1021 1381 (Od.
1045 1326 1160 1368 VIII
1182 1328 1285 1379 456)
1321 1330 1364 1367 et
1387 1325 1604 1367 Alcinous
1628 1325 1765 1366 vitam

206 1415 357 1442 eorum
393 1400 608 1441 describit
642 1399 793 1440 verbis

265 1484 343 1524 αἰεὶ
377 1482 422 1523 ‹3'
452 1483 554 1536 ἥμιν
587 1482 685 1534 (δαίς
719 1496 761 1523 τε
797 1481 903 1535 (sliu)
937 1480 1116 1533 κίθαρίς
1150 1495 1193 1521 τε
1222 1481 1350 1533 χοροί
1382 1494 1425 1521 τε
1451 1479 1582 1535 (VIII
1606 1481 1706 1532 ⁵248)

205 1566 365 1621 quibus
400 1566 604 1607 conferas
636 1579 791 1606 versus
826 1563 945 1605 XIII
978 1566 1106 1605 8—9.

434 1648 556 1689 ὅσσοι
593 1649 652 1689 ἑνὶ
687 1648 912 1701 1μεγάροισι
948 1647 1178 1699 γερούσιον
1212 1645 1388 1687 αἴθοπα
1422 1645 1546 1686 οἶνον

434 1721 512 1761 αἰεὶ
548 1718 695 1760 πίνετ’
728 1719 912 1772 ἐμοῖσιν,
948 1716 1227 1770 ἀκουάζεσθε
1260 1715 1305 1757 (3³
1339 1715 1507 1757 άοιόοῦ.

203 1804 348 1845 Versu
381 1803 448 1844 VI
482 1805 566 1843 309
600 1802 818 1843 Alcinous
851 1800 1003 1842 vinum
1038 1800 1197 1841 bibens
1231 1814 1329 1840 cuin
1363 1799 1445 1840 deo
1480 1801 1763 1853 comparatur

428 1889 490 1939 τῷ
526 1885 595 1938 ὅγι
631 1883 906 1936 οἰνοποτάζει
943 1884 1168 1936 ἐφήμενος
1201 1882 1433 1934 ἀθάνατος
1466 1881 1542 1934 ὥς,

204 1984 332 2025 quem
369 1984 466 2010 cum
502 1968 586 2023 Op.
621 1982 754 2009 versu
790 1969 871 2007 112
906 1966 1126 2007 conferas.

321 2040 471 2081 Etiam
484 2039 765 2080 Phaeacibus
781 2046 942 2079 natura
959 2036 1164 2092 largitur,
1183 2036 1229 2077 in
1244 2036 1375 2077 horto
1395 2035 1573 2091 quidem
1587 2035 1765 2077 Alcinoi

205 2111 311 2164 (VH
337 2113 419 2152 114
443 2114 569 2166 sqq).
624 2109 713 2151 Sed
734 2109 819 2150 hac
841 2108 1040 2163 imagine
1063 2110 1297 2160 praeterea
1318 2106 1526 2162 propriae
1550 2106 1765 2161 quaedam

204 2197 274 2224 res
305 2182 605 2224 continentur.
653 2180 892 2222 Pertinent
916 2184 1062 2221 autem
1089 2179 1145 2220 ad
1167 2178 1520 2233 navigationem.
1554 2177 1763 2218 Animum

203 2253 413 2295 intendas
428 2252 562 2294 velim
586 2252 642 2293 ad
656 2251 778 2293 locos
796 2250 886 2291 VII
905 2253 960 2291 30
979 2256 1022 2292 et
1041 2249 1155 2290 VIII
1174 2251 1419 2290 556—563.
1455 2247 1626 2301 Quibus
1641 2261 1766 2303 prae-

205 2324 334 2379 cipua
366 2328 664 2365 mercatorum
696 2322 951 2364 Ionicorum
986 2320 1209 2362 desideria
1244 2320 1563 2376 exponuntur3.

203 2441 328 2475 multo
356 2440 556 2485 antiquior
581 2441 653 2475 est.
697 2439 776 2475 Sed
803 2441 912 2474 recta
930 2438 1156 2474 observatio
1183 2439 1255 2473 hac
1282 2437 1532 2472 conclusione
1558 2436 1764 2471 indicatur.

205 2500 323 2535 Certe
361 2500 464 2534 enim
500 2510 636 2534 senum
671 2499 910 2534 sententiam
944 2498 1007 2533 hic
1042 2497 1231 2532 habemus
1265 2499 1304 2531 et
1338 2507 1452 2532 senes
1478 2496 1579 2531 hano
1605 2506 1687 2530 rem
1715 2495 1764 2530 ad

204 2559 417 2603 imaginem
444 2559 674 2593 attulerunt.

325 2620 334 2637 ¹
362 2618 437 2652 Hic
462 2617 744 2652 iucundissima
762 2617 845 2652 vita
870 2616 909 2651 in
935 2616 1135 2662 propriam
1162 2615 1358 2660 quandam
1385 2614 1611 2660 opinionem
1638 2616 1762 2648 trans-

204 2677 285 2711 lata
313 2678 383 2712 est.

325 2737 337 2755 ²
363 2736 521 2779 Tamen,
549 2735 642 2780 quin
661 2735 853 2781 imagines
873 2738 1078 2780 separatae
1097 2733 1335 2777 exstiterint,
1363 2732 1536 2768 dubitari
1561 2743 1638 2767 non
1657 2732 1761 2767 licet.

323 2795 336 2814 3
362 2795 527 2829 Rohde
547 2795 584 2836 (l.
606 2806 637 2829 a.
656 2806 693 2840 p.
712 2796 772 2837 83)
793 2794 909 2829 dicit:
940 2794 1013 2836 „So
1032 2793 1181 2839 gleicht
1201 2793 1299 2827 auch
1317 2792 1427 2827 Land
1446 2792 1525 2827 und
1542 2791 1677 2827 Leben
1695 2791 1765 2826 der

204 2853 414 2888 Phaeaken
442 2853 530 2888 dem
549 2853 767 2888 Idealbilde
794 2853 902 2888 einer
928 2852 1130 2887 ionischen
1148 2851 1477 2897 Neugri'indungf‘
1523 2850 1602 2886 Sed
1627 2851 1666 2885 in
1692 2846 1764 2884 liac

204 2923 246 2947 re
273 2912 319 2947 ab
349 2923 393 2947 eo
423 2912 614 2946 dissentio
635 2912 740 2956 quod
759 2916 892 2956 poetae
911 2911 1107 2946 desideria
1125 2911 1188 2946 hic
1206 2910 1372 2946 indicari
1391 2911 1537 2945 censet.
1580 2909 1652 2944 His
1670 2909 1762 2943 ima-

204 2971 361 3016 ginibus
373 2992 414 2996 —-
425 2974 589 3016 excepto
605 2971 739 3016 Elysio
752 2971 1011 3016 —populares
1028 2970 1234 3016 opiniones
1251 2969 1444 3004 contineri
1459 2969 1554 3004 mihi
1568 2968 1761 3003 videntur.
