1923 3288
845 197 1136 236 HQ—

213 329 364 381 partes
406 329 498 366 tam
540 324 640 365 laxe
684 324 947 365 coniunctas
982 337 1093 374 esse,
1137 326 1186 364 ut
1219 323 1315 364 sine
1349 323 1536 378 negotio
1571 322 1769 378 separari

212 397 402 452 possint.

332 467 401 507 Ab
442 466 583 507 altero
618 465 1025 520 discrepantiarum
1058 479 1226 519 genere
1260 465 1378 519 quod
1412 465 1549 506 etiam
1583 479 1607 505 a
1638 464 1770 505 Butt-

212 552 375 579 manno
419 540 465 578 et
505 537 815 591 Bambergero
860 536 1093 592 cognitum
1137 550 1235 578 esse
1277 535 1477 577 indicavi
1511 535 1771 590 Goettling-

212 608 376 650 Flach¹
414 612 459 649 et
483 607 793 649 Schoemann²
816 607 1012 662 profecti
1036 611 1152 657 sunt,
1188 610 1233 648 et
1255 606 1310 647 ab
1335 621 1386 647 eo
1410 606 1615 657 maxime,
1652 606 1770 661 quod

213 682 371 734 quarta
405 681 530 719 aetas
564 677 714 719 subito
748 678 908 719 melior
941 682 1023 719 est.
1076 677 1152 718 Illi
1185 680 1275 720 tres
1307 677 1499 718 maiores
1528 680 1700 718 aetates
1724 677 1770 718 in

211 749 471 790 narratione
506 752 763 790 statuerunt
794 763 977 803 quarum
1001 748 1146 804 prima
1168 747 1258 789 tria
1280 747 1431 803 priora
1454 747 1632 789 saecula
1656 762 1772 789 com-

210 819 525 874 prehenderet,
561 819 705 860 altera
738 819 792 860 ab
827 819 1039 860 heroibus
1072 819 1318 874 inciperet3
1352 818 1535 860 tertiam
1569 833 1592 860 e
1619 818 1770 860 verbis

215 890 237 944 i)
273 889 424 931 ἔπειτα
457 889 662 942 γενέσθαι
699 901 756 939 (v.
795 893 893 943 175)
929 894 1193 931 eventuram
1227 889 1557 931 concluserunt.
1607 889 1771 931 Schoe-

213 975 344 1002 mann
370 960 444 1015 qui
468 961 513 1001 in
538 960 694 1015 quinto
719 960 898 1002 saeculo
924 960 1011 1001 duo
1031 960 1211 1002 saecula
1227 960 1441 1015 repperit,
1466 960 1581 1002 duas
1599 963 1770 1001 aetates

211 1032 404 1073 maiores
429 1032 646 1073 discrevit
670 1046 856 1086 quarum
880 1036 1069 1087 utraque
1095 1045 1117 1072 e
1136 1031 1278 1073 ternis
1307 1030 1499 1073 saeculis
1528 1033 1770 1073 constaret.

210 1102 373 1144 Tribus
399 1102 591 1144 saeculis
615 1108 720 1143 ante
743 1102 903 1144 heroes
926 1102 1088 1157 positis
1112 1101 1303 1143 totidem
1327 1101 1416 1142 alia
1439 1102 1606 1156 opponi
1628 1103 1771 1156 putat.

210 1174 264 1214 In
304 1173 396 1215 illis
439 1174 589 1214 onmia
627 1173 865 1214 humanam
900 1187 1156 1214 mensuram
1189 1172 1325 1227 longe
1360 1172 1626 1214 excedentia
1657 1171 1772 1226 fingi

211 1247 256 1286 et
293 1248 474 1299 poetam
510 1259 633 1285 suam
668 1244 888 1299 quandam
922 1244 1145 1285 rationem
1178 1243 1535 1299 philosophicam
1571 1247 1772 1284 secutum

211 1330 322 1366 esse,
366 1315 413 1356 in
456 1315 525 1356 his
569 1315 719 1356 omnia
762 1315 817 1356 ad
860 1330 960 1356 eum
1000 1315 1179 1356 modum
1214 1318 1473 1369 comparata
1506 1328 1605 1355 esse
1639 1328 1771 1368 quam

210 1387 299 1442 ipsi
332 1386 565 1428 videamus
608 1390 685 1428 aut
727 1386 1050 1427 transformata
1092 1386 1139 1426 in
1172 1385 1333 1427 melius
1368 1388 1445 1426 aut
1477 1385 1524 1426 in
1557 1384 1770 1426 deterius.

212 1457 300 1511 Qui
324 1462 473 1499 autem
497 1472 654 1499 sensus
678 1457 810 1498 huius
834 1457 1144 1513 responsionis
1169 1457 1240 1506 sit,
1269 1471 1358 1497 non
1380 1456 1622 1498 indicatur.
1671 1455 1771 1497 Hae

211 1529 539 1584 explicationes
572 1528 705 1584 plane
738 1528 795 1570 ad
827 1528 1064 1569 libidinem
1087 1528 1235 1569 factae
1259 1531 1376 1577 sunt,
1411 1527 1517 1582 quia
1538 1526 1626 1568 viri
1650 1526 1772 1567 docti

211 1614 266 1642 ex
298 1615 386 1641 una
418 1614 465 1641 re
498 1600 692 1655 profecti
726 1600 872 1655 magis
906 1613 1031 1640 suam
1065 1599 1338 1640 sententiam
1372 1598 1623 1639 narrationi
1654 1599 1772 1638 intu-

211 1671 359 1712 lerunt
394 1685 526 1726 quam
559 1685 656 1712 eam
681 1685 793 1726 quae
817 1671 936 1712 inest
960 1669 1313 1725 explicaverunt.
1363 1668 1582 1723 Reliquas
1607 1668 1772 1709 discre-

211 1741 390 1797 pantias
432 1756 521 1783 non
554 1746 864 1797 respexerunt.
918 1741 1238 1796 Improbantur
1271 1743 1419 1781 autem
1454 1739 1560 1781 illae
1595 1743 1772 1781 senten-

211 1812 302 1854 tiae
335 1812 530 1854 maxime.
563 1812 822 1853 nominibus
856 1826 881 1853 a
913 1811 1110 1853 metallis
1146 1811 1350 1866 sumptis.

329 1883 673 1938 Discrepantias
717 1883 859 1924 altero
902 1883 1001 1924 loco
1040 1882 1297 1938 propositas
1329 1881 1509 1922 Lehrsii
1543 1881 1771 1936 sagacitas

213 1955 442 2009 cognovit.
478 1954 567 2008 Qui
592 1954 688 2010 ipse
713 1968 888 2009 quoque
912 1953 1109 2008 reliquas
1133 1968 1204 1994 res
1228 1967 1317 1994 non
1340 1952 1541 2007 respexit
1560 1955 1605 1993 et
1622 1952 1772 1993 obser-

211 2026 470 2067 vationibus
489 2040 570 2081 per
589 2040 635 2067 se
654 2025 839 2081 optimis
859 2030 948 2066 tam
965 2024 1190 2066 violenter
1207 2038 1313 2065 usus
1333 2027 1414 2073 est,
1434 2027 1483 2064 ut
1498 2022 1771 2064 narrationis

212 2111 392 2138 sensum
426 2097 696 2138 obstrueret.
751 2096 864 2138 Cum
898 2096 1179 2151 singularum
1212 2098 1411 2136 aetatum
1442 2093 1771 2149 descriptiones

211 2168 314 2209 aliis
349 2182 525 2223 semper
557 2168 704 2223 poetis
729 2167 994 2218 vindicavit,
1029 2166 1335 2208 narrationem
1362 2165 1410 2206 in
1433 2165 1630 2220 quinque
1652 2164 1772 2219 frag-

211 2243 362 2280 menta
396 2239 649 2294 discerpsit.
703 2239 814 2280 Cum
840 2242 989 2280 autem
1013 2238 1124 2280 haec
1146 2237 1263 2279 ratio
1286 2236 1469 2293 probari
1491 2250 1582 2277 non
1603 2240 1770 2291 posset,

212 2310 349 2351 etiam
382 2314 533 2351 rectae
566 2310 671 2351 illae
706 2309 1050 2351 observationes
1082 2308 1364 2364 improbatae
1399 2310 1502 2348 sunt
1535 2312 1579 2348 et
1608 2306 1772 2348 Schoe-

211 2396 344 2421 mann
387 2384 433 2422 et
474 2381 553 2422 alii
594 2380 696 2421 illas
729 2380 911 2422 Lehrsii
944 2379 1219 2431 offensiones
1252 2378 1534 2434 argumentis
1567 2377 1771 2433 quamvis

210 2451 441 2493 futtilibus
475 2452 539 2492 ita
563 2451 890 2502 refutaverunt,
925 2455 976 2492 ut
1011 2465 1064 2492 ex
1097 2450 1177 2492 illo
1210 2454 1414 2505 tempore
1447 2449 1579 2505 plane
1613 2463 1772 2490 evane-

213 2526 403 2564 scerent.

331 2593 526 2635 Maxime
561 2608 612 2635 ea
644 2593 776 2634 nobis
811 2594 1038 2635 sententia
1070 2592 1355 2648 respicienda
1389 2595 1457 2633 est
1486 2605 1598 2646 quae
1621 2605 1773 2632 recen-

211 2663 390 2705 tissima
413 2665 457 2705 in
482 2664 628 2705 lucem
651 2664 834 2719 prodiit7
860 2664 961 2705 dico
986 2678 1083 2705 eam
1107 2677 1237 2718 quam
1262 2663 1344 2705 Ed.
1368 2663 1527 2718 Meyer
1550 2661 1771 2717 exposuit.

213 2734 301 2788 Qui
336 2735 389 2776 de
423 2735 682 2776 narratione
716 2735 927 2776 universa
961 2735 1076 2776 hanc
1110 2734 1382 2776 sententiam
1414 2733 1628 2789 profert²³.

334 2902 342 2919 ¹
372 2900 421 2934 ad
449 2912 480 2934 V.
503 2902 580 2934 109.
727 2902 738 2919 ’-’
766 2900 789 2934 l.
809 2911 841 2935 a.
868 2912 903 2945 p.
923 2902 1003 2935 315.
1046 2934 1049 2937 Α

331 2959 343 2977 ⁷³
371 2959 560 2994 Confer-as
587 2958 777 3003 imprimis
806 2969 905 3003 quae
932 2959 955 2993 1.
976 2970 1006 2993 c.
1032 2970 1068 3003 p.
1089 2960 1168 3002 175,
1198 2960 1273 3001 179,
1302 2959 1369 2992 187
1395 2957 1558 3002 profert.
