1923 3288
217 809 453 851 Postremo
475 809 630 864 paucis
648 808 796 850 verbis
822 809 873 849 de
898 808 1087 850 Hesiodi
1110 808 1364 849 narrati‹ime
1390 807 1650 848 iudicemus.

100 880 331 922 Habemus
377 879 497 921 idem
542 879 658 934 quod
704 879 880 934 saepius
926 879 1044 934 apud
1082 878 1330 920 Hesiodum
1375 878 1650 919 invenimus:

102 950 348 993 sententias
371 964 547 1006 graves,
583 950 735 991 duram
760 950 962 991 formam.
1008 949 1140 991 Certe
1163 956 1309 1004 poeta,
1335 964 1433 989 cum
1456 948 1653 990 moribus

102 1021 407 1064 describendis
451 1021 646 1062 animum
688 1020 881 1061 intendit
924 1020 1120 1061 fabulam
1159 1020 1369 1060 traditam
1405 1019 1653 1074 simplicem

101 1092 394 1149 amplificavit
433 1099 476 1134 et
509 1096 735 1146 tamquam
768 1090 1079 1146 philosophiae
1115 1090 1329 1131 doctrinis
1363 1089 1500 1131 auxit.
1565 1089 1655 1130 Sed

100 1163 220 1205 idem
259 1162 531 1204 narrationis
567 1162 766 1203 ordinem
801 1161 1118 1202 retractatione
1152 1161 1213 1201 ita
1248 1160 1459 1209 turbavit,
1495 1167 1544 1201 ut
1577 1175 1654 1201 no-

100 1233 270 1275 minum
313 1232 586 1289 significatio
630 1233 816 1273 obscura
859 1232 1001 1273 fieret.
1064 1231 1220 1286 Neque
1265 1231 1304 1272 ei
1349 1230 1561 1285 c‹⁷›ntig‘it,
1607 1236 1655 1270 ut

100 1308 251 1360 partes
285 1304 339 1345 ab
380 1304 479 1359 ipso
513 1303 692 1345 additae
727 1318 825 1343 cum
859 1302 1079 1357 susceptis
1111 1302 1242 1356 plane
1278 1302 1674 1352 cm1iung‘erentur,

102 1379 145 1418 et
178 1376 222 1417 in
257 1375 387 1417 unius
420 1374 691 1416 narrationis
726 1389 885 1429 corpus
919 1373 1234 1414 coalescerent.
1295 1372 1522 1427 Imprimis
1555 1371 1655 1412 ideo

101 1447 299 1489 narratio
324 1447 476 1502 dispar
497 1446 562 1496 fit,
597 1445 714 1501 quod
737 1452 1051 1499 argumentum
1075 1443 1301 1484 diversum
1325 1451 1404 1484 est.
1444 1441 1656 1483 Narratio

101 1518 232 1560 aliter
272 1517 446 1573 incipit,
489 1517 620 1558 aliter
660 1515 877 1571 procedit.
940 1515 1090 1556 Aurea
1133 1520 1279 1555 aetate
1319 1518 1412 1554 tota
1448 1513 1501 1553 de
1536 1518 1655 1553 statu

100 1589 221 1630 vitae
263 1588 340 1643 agi
372 1587 579 1630 vidimus.
644 1586 775 1640 Quod
816 1586 1072 1627 narratione
1112 1584 1381 1640 procedente
1416 1583 1652 1623 omittitur.

103 1658 291 1713 Quando
323 1659 542 1701 bonorum
565 1662 850 1700 externorum
874 1656 1148 1698 abundantia
1171 1654 1353 1696 desierit
1376 1654 1497 1694 nullo
1520 1653 1657 1694 verbo

101 1729 340 1772 indicatur.
402 1728 631 1770 Hesiodus
670 1743 740 1769 res
780 1742 891 1783 quae
925 1727 965 1768 ei
1000 1726 1122 1768 cordi
1156 1732 1281 1767 erant
1317 1724 1536 1779 susceptis
1569 1738 1657 1764 non

102 1801 214 1843 bene
248 1800 494 1856 adaptavit.
550 1799 648 1853 Quo
681 1799 851 1840 factum
885 1805 965 1848 est,
999 1804 1047 1839 ut
1080 1796 1278 1838 narratio
1311 1796 1481 1836 incerta
1518 1799 1560 1835 et
1593 1794 1658 1834 in-

103 1877 312 1913 constans
334 1871 554 1915 videatur.
599 1871 697 1911 Hoc
733 1869 924 1911 maxime
959 1883 1010 1910 eo
1044 1868 1253 1917 efficitur,
1288 1866 1405 1922 quod
1432 1864 1658 1906 Hesiodus

102 1942 350 1984 narrationi
383 1941 627 1997 antiquiori
660 1941 795 1982 alium
830 1955 1008 1981 sensum
1043 1939 1165 1980 dedit
1198 1952 1340 1992 neque
1374 1943 1524 1977 tamen
1558 1950 1657 1976 eum

104 2013 179 2069 qui
211 2018 314 2055 ante
347 2021 442 2055 erat
474 2013 607 2068 plane
640 2012 798 2053 tollere
831 2010 978 2067 potuit
996 2011 1022 2052 1.
1082 2010 1182 2050 Huc
1218 2007 1405 2055 accedit,
1440 2006 1557 2061 quod
1590 2019 1659 2046 ae-

102 2088 221 2126 tates
252 2083 318 2125 ita
351 2083 602 2139 descripsit,
636 2089 684 2124 ut
711 2109 761 2113 —
788 2081 987 2137 exceptis
1013 2081 1182 2122 duabus
1205 2078 1442 2134 prioribus,
1476 2076 1552 2117 ubi
1575 2076 1659 2116 hoc

105 2154 302 2197 servavit
319 2180 377 2185 —-
392 2155 515 2196 nullo
535 2154 858 2196 sententiarum
877 2152 1056 2193 vinculo
1079 2151 1197 2192 inter
1216 2165 1261 2191 se
1281 2149 1545 2190 coniunctae
1570 2147 1660 2188 sint¹

103 2240 247 2281 neque
281 2240 470 2281 sequens
505 2240 704 2281 quaeque
739 2240 792 2265 ex
823 2223 1116 2264 antecedente
1150 2220 1414 2276 profluxisse
1439 2218 1657 2260 videatur.

225 2357 234 2374 ¹
262 2355 421 2400 Optime
457 2354 674 2400 comparari
708 2354 843 2398 potest
877 2352 1009 2387 fabula
1044 2351 1092 2385 de
1129 2350 1265 2385 fraude
1299 2349 1486 2383 Meconea
1512 2347 1658 2391 Theog.

104 2415 303 2450 534-557.

709 2600 1057 2668 AX‘DQ
