1923 3288
857 209 1147 246 —20-

226 334 394 376 saeculi
428 338 549 375 statu
582 334 628 374 in
660 334 913 389 praesentis
945 334 1162 389 temporis
1193 339 1360 377 statum
1392 336 1457 377 ita
1491 336 1780 391 depravatam

225 419 336 456 esse,
371 409 420 446 ut
443 419 634 460 sequens
659 419 860 460 quaeque
884 410 1008 446 aetas
1032 405 1328 447 antecedente
1360 406 1488 462 peior
1511 410 1644 448 esset.
1693 408 1782 450 Ne-

225 490 309 530 que
354 475 487 516 aliter
531 475 641 516 haec
686 475 869 516 nomina
914 475 1123 530 intellegi
1168 480 1370 531 possunt,
1420 477 1458 518 si
1501 492 1591 519 non
1637 478 1780 520 solum

222 560 358 587 unum
393 546 597 600 quodque
630 546 861 587 metallum
894 546 1034 588 aetati
1074 561 1100 587 a
1139 561 1185 588 se
1217 550 1487 599 nominatae,
1532 549 1611 590 sed
1643 549 1782 590 etiam

224 618 363 657 series
387 616 673 658 metallorum
697 620 896 658 aetatum
920 617 1069 659 ordini
1091 617 1349 672 respondet,
1384 619 1502 673 quod
1524 619 1623 675 ipsa
1646 619 1781 661 seriei

224 687 479 728 constantia
514 688 843 742 comprobatur.

339 759 410 800 Ab
435 759 517 800 hac
541 759 879 814 exspectatione
903 763 1103 801 aetatum
1135 774 1402 816 progressus
1427 775 1558 815 quam
1588 762 1780 804 maxime

223 829 446 870 abhorret.
497 829 661 870 Statim
684 829 903 871 transitus
928 830 981 871 ab
1006 844 1141 872 aureo
1166 831 1222 874 ad
1255 834 1520 886 argenteum
1553 832 1781 874 saeculum

222 899 353 941 valde
386 900 600 955 abruptus
635 903 715 951 est,
760 904 809 941 ut
850 900 936 942 hoc
967 915 991 942 a
1024 901 1254 943 nonnullis
1287 901 1612 957 interpretibus
1646 917 1782 959 oppo-

222 971 359 1012 situm
392 986 526 1012 aureo
560 971 633 1012 vel
674 971 806 1027 plane
840 972 1005 1013 malum
1045 972 1329 1015 intellectum
1363 973 1463 1015 sitl.
1529 974 1663 1016 Certe
1695 974 1783 1016 hoc

222 1042 448 1083 saeculum
490 1056 578 1083 non
621 1046 725 1097 apte
768 1042 822 1083 ab
866 1046 1056 1098 argento
1090 1043 1360 1085 nominatur.
1424 1044 1702 1100 Repugnant
1733 1045 1781 1086 in

220 1113 377 1168 primis
420 1128 531 1168 quae
576 1113 630 1155 de
673 1113 769 1155 eius
802 1114 1003 1155 moribus
1037 1114 1261 1156 dicuntur.
1324 1114 1378 1156 In
1410 1116 1549 1157 tert-io
1584 1116 1778 1166 saeculo,

221 1184 307 1226 etsi
340 1198 503 1225 nomen
546 1184 673 1226 aenei
707 1185 762 1226 ad
804 1184 947 1240 ipsius
981 1185 1332 1240 descriptionem
1366 1186 1534 1241 optime
1575 1186 1779 1242 quadrat,

220 1260 382 1306 tamen,
428 1256 465 1296 si
507 1270 797 1311 progressum
840 1256 894 1297 ab
937 1259 1128 1311 argento
1170 1257 1450 1312 respicimus,
1496 1272 1585 1298 non
1631 1258 1780 1313 magis

220 1331 370 1381 aptum
407 1330 489 1368 est.
554 1326 703 1380 Quare
746 1327 864 1369 enim
897 1328 1083 1369 tertium
1118 1328 1346 1369 saeculum
1379 1328 1676 1370 antecedente
1714 1329 1781 1370 in-

219 1397 359 1439 ferius
379 1398 450 1448 sit,
475 1398 563 1439 nisi
587 1412 641 1439 ex
665 1412 717 1440 eo
737 1398 857 1453 quod
881 1398 935 1439 de
958 1398 1116 1440 horum
1139 1398 1370 1440 hominum
1394 1399 1517 1440 exitu
1540 1399 1780 1450 indicatur,

218 1483 307 1509 non
350 1469 638 1524 intellegitur
655 1469 679 1511 2.
745 1469 903 1524 Neque
946 1469 999 1511 de
1032 1469 1128 1511 vita
1169 1484 1311 1524 neque
1356 1470 1411 1511 de
1452 1470 1652 1511 moribus
1694 1471 1781 1512 hoc

220 1539 309 1580 dici
341 1544 506 1595 potest.
573 1539 704 1593 Quin,
751 1540 789 1581 si
831 1555 977 1582 mores
1012 1544 1281 1595 spectamus,
1325 1554 1513 1582 aeneum
1552 1541 1779 1583 saeculum

218 1610 291 1652 vel
324 1611 644 1666 praeferemus.
708 1612 869 1667 Itaque
910 1612 1042 1653 liuius
1086 1611 1255 1653 saeculi
1296 1612 1477 1654 nomine
1509 1612 1651 1667 ipsius
1684 1618 1781 1654 tan-

218 1686 325 1732 tum,
360 1697 448 1723 non
472 1682 785 1724 antecedentis
810 1683 979 1724 saeculi
1011 1683 1128 1724 ratio
1162 1682 1365 1724 habetur.
1414 1683 1581 1725 Nescio
1615 1698 1672 1724 an
1694 1684 1781 1725 hoc

219 1753 315 1809 ipse
348 1756 483 1808 poeta
517 1754 710 1796 senserit
743 1754 934 1809 ideoque
957 1754 1162 1796 versibus
1191 1756 1417 1795 150—151
1443 1754 1671 1810 propriam
1703 1770 1781 1796 no-

218 1824 353 1865 minis
396 1825 746 1879 explicationem
789 1825 978 1867 dederit.
1042 1825 1236 1866 Videtur
1277 1824 1420 1880 igitur
1463 1826 1501 1866 is
1547 1825 1622 1880 qui
1666 1826 1780 1866 hanc

218 1900 393 1950 partem
435 1896 633 1937 confecit
675 1910 854 1937 sensum
898 1910 1029 1951 quem
1072 1910 1095 1937 e
1133 1895 1390 1936 nominibus
1425 1896 1657 1938 effecimus
1689 1910 1780 1937 non

219 1966 485 2021 respexisse.
551 1967 750 2021 Sequens
793 1971 918 2008 aetas
961 1967 1033 2008 cui
1074 1966 1248 2008 metalli
1287 1981 1449 2008 nomen
1483 1967 1612 2008 deest
1645 1967 1781 2009 decli-

218 2042 401 2079 nantem
434 2037 480 2078 in
513 2038 641 2093 peius
675 2038 969 2079 mutationem
1004 2038 1069 2079 ita
1101 2038 1403 2093 interrumpit,
1444 2042 1494 2079 ut
1526 2038 1644 2079 1111110
1675 2053 1780 2094 poe-

218 2113 309 2150 tam
334 2124 624 2164 progressum
649 2109 861 2151 continuo
887 2109 1235 2151 descendentem
1260 2109 1442 2151 omnino
1465 2124 1555 2151 non
1578 2110 1780 2151 voluisse

218 2180 466 2235 putandum
500 2180 560 2222 sit
575 2181 603 2223 3.

336 2251 423 2292 His
455 2252 589 2293 rebus
622 2252 761 2293 tertio
794 2252 894 2293 loco
928 2252 1123 2293 fortasse
1156 2251 1336 2293 adicere
1369 2251 1478 2293 licet
1512 2251 1642 2306 quod,
1679 2266 1777 2292 cum

218 2323 411 2377 primum
445 2327 490 2365 et
523 2323 714 2364 alterum
758 2323 985 2365 saeculum
1019 2323 1301 2378 cogitatione
1342 2326 1518 2364 tantum
1552 2321 1778 2378 depictum

220 2399 265 2435 et
297 2408 351 2435 ex
378 2394 586 2435 ubertate
619 2394 795 2449 ingenii
827 2394 1096 2450 profiuxisse
1119 2394 1340 2444 videatur,
1374 2393 1561 2448 reliquis
1586 2394 1779 2448 quodam

219 2465 350 2506 modo
391 2466 488 2507 veri
530 2465 652 2507 vitae
694 2466 916 2507 humanae
962 2469 1107 2507 status
1153 2464 1483 2520 significantur.
1553 2465 1682 2515 Nam,
1728 2468 1777 2506 ut

220 2536 425 2577 omittam
449 2537 653 2591 quintum
677 2537 904 2578 saeculum
928 2536 983 2577 ad
1015 2541 1178 2592 poetae
1201 2536 1344 2592 ipsius
1366 2539 1543 2591 tempus
1573 2539 1778 2591 spectare

339 2680 346 2697 ¹
375 2678 672 2721 Buttmann,
699 2679 952 2724 Mythologus
978 2678 1026 2722 ΙΙ,
1053 2690 1089 2723 p.
1109 2680 1129 2712 3
1158 2680 1197 2713 et
1225 2680 1279 2712 12.
1321 2677 1653 2722 Bamberger,
1679 2677 1776 2711 Mus.

217 2736 342 2771 Rhen.
370 2749 405 2771 n.
434 2748 461 2771 s.
489 2737 506 2771 I
534 2739 666 2781 (1842),
694 2749 729 2782 p.
749 2739 817 2771 529
833 2749 887 2782 sq.
931 2738 973 2772 E.
994 2738 1163 2782 Meyer
1189 2738 1212 2772 1.
1240 2749 1273 2772 a.
1300 2748 1336 2782 p.
1358 2738 1434 2771 179.
1475 2737 1519 2771 R.
1538 2736 1690 2781 Roth,
1717 2736 1778 2770 In-

219 2797 292 2831 dex
320 2797 491 2831 virorum
518 2796 691 2831 doctoris
719 2797 882 2842 gradum
910 2799 1190 2841 assecutorum,
1216 2796 1381 2842 Tubing.
1403 2797 1567 2840 18583'59,
1594 2807 1631 2841 p.
1651 2797 1705 2830 15.

337 2858 348 2875 ‘·'
377 2856 498 2890 Graf
524 2856 547 2890 1.
567 2867 598 2890 a.
626 2868 661 2901 p.
680 2858 719 2890 S:
748 2858 927 2891 ‘maxima
952 2856 1029 2890 iam
1053 2856 1248 2891 secundae
1275 2855 1419 2890 aetatis
1446 2854 1623 2899 nequitia
1649 2846 1778 2899 neque

220 2916 387 2960 augetur
412 2915 555 2949 tertia'.

336 2976 349 2993 ³²¹
376 2973 439 3009 Sic
465 2974 778 3019 Bamberger
802 2975 826 3008 l.
846 2985 878 3009 a.
904 2986 939 3020 p.
960 2976 1038 3009 524.
