1923 3288
752 243 1041 282 -51—

235 367 399 418 Etiam,
443 383 527 422 (1110
568 372 769 424 tempore
801 370 903 410 illos
936 371 1055 411 feros
1089 376 1131 412 et
1165 371 1339 412 validos
1372 371 1576 412 homines
1609 371 1673 413 vi-

116 437 236 480 xisse
253 438 526 493 putaverint,
553 454 825 493 cognoscere
844 452 1092 495 possumus.
1137 441 1203 481 Ex
1223 441 1382 495 quibus
1402 442 1487 482 duo
1510 455 1672 482 nomen

116 508 264 561 Δρύας
295 509 476 559 habent,
510 509 561 550 11.
586 509 602 550 1
625 512 708 550 243
733 525 810 551 rex
845 511 1024 565 quidam
1048 512 1353 566 Lapitharum,
1389 512 1454 553 VI
1481 514 1562 553 130
1585 512 1673 566 Ly-

117 579 244 634 curgi
277 579 401 620 illius
434 585 575 634 pater.
621 581 828 622 Dubitari
853 596 939 623 non
966 597 1097 637 posse
1120 586 1240 637 puto,
1276 583 1380 637 quin
1404 583 1488 624 1100
1511 597 1672 624 nomen

117 649 340 705 originem
380 650 543 692 habeat
579 666 601 693 e
633 653 771 693 verbo
805 653 831 706 ἡ
866 652 984 705 ὁρῶς.
1049 654 1208 708 Itaque
1251 654 1296 694 hi
1331 653 1417 695 viri
1451 668 1476 694 a
1508 668 1671 708 quercu

115 735 259 775 genus
293 721 473 762 ducunt.
519 721 867 775 Quomodo-hoc
893 723 1246 778 intellegendum
1271 724 1367 766 est?
1410 725 1492 765 Ed.
1516 725 1673 780 Meyer

117 791 173 833 ad
204 792 341 833 Verba
375 793 421 833 ἑκ
453 792 610 846 μελιᾶν
643 793 744 849 (Op.
768 810 809 835 v.
838 797 936 847 145)
970 795 1219 849 disputavit
1246 795 1300 836 (10
1325 795 1536 850 opinione
1560 795 1672 836 anti-

117 862 331 917 quissima
372 877 458 919 qua
495 863 629 919 primi
662 864 865 905 homines
898 865 1103 906 arborum
1138 865 1308 906 fructus
1342 865 1431 907 orti
1464 880 1563 907 esse
1594 881 1674 921 pu-

114 933 369 975 tabanturl.
434 934 564 975 Hanc
604 935 739 976 etiam
780 935 852 976 hi‹·
886 936 1080 977 invenio.
1145 935 1356 990 Sequitur
1388 935 1499 977 illud
1531 935 1674 977 homi-

115 1018 220 1045 num
254 1019 396 1059 genus
431 1005 548 1060 quod
572 1010 676 1047 ante
703 1006 862 1047 heroes
885 1007 1054 1048 vixisse
1077 1007 1294 1061 putabant
1318 1006 1508 1061 primum
1531 1006 1672 1048 fuisse

116 1080 162 1117 et
195 1075 250 1116 de
293 1075 522 1116 hominum
555 1076 698 1117 initiis
733 1077 838 1131 quid
877 1081 1037 1132 poetae
1070 1077 1300 1119 Homerici
1335 1077 1557 1118 senserint
1597 1077 1672 1117 1110

115 1145 305 1187 indicari
320 1146 346 1187 ².
412 1146 758 1188 Concedendum
793 1152 940 1189 autem
975 1151 1043 1189 est
1076 1162 1127 1189 ea
1161 1162 1272 1203 quae
1306 1148 1360 1189 (10
1392 1147 1482 1188 illis
1515 1147 1673 1203 priori-

115 1216 197 1258 bus
229 1216 484 1259 hominibus
519 1218 727 1259 dicuntur
759 1218 926 1274 optime
961 1218 1014 1260 (10
1052 1218 1279 1259 hominum
1315 1218 1494 1268 generis
1527 1218 1673 1259 initiisv

116 1287 205 1329 dici
237 1287 452 1343 potuisse.

232 1358 328 1399 Iam
361 1359 474 1400 hanc
510 1359 563 1400 (10
602 1359 829 1401 11011111111111
862 1374 1103 1414 progressu
1139 1360 1408 1401 sententiam
1443 1375 1540 1400 cum
1573 1374 1673 1400 nar-

114 1428 289 1471 ratione
321 1429 570 1471 trimembri
595 1445 915 1485 comparemus.
959 1430 1009 1471 In
1034 1430 1117 1471 hac
1139 1430 1263 1471 nulla
1284 1430 1379 1472 veri
1404 1444 1669 1485 progressus

116 1500 317 1555 cognitio
341 1500 457 1542 inest
480 1515 625 1556 neque
648 1515 718 1542 res
743 1501 796 1542 de
813 1504 1015 1555 tempore
1038 1501 1283 1555 praeterito
1304 1500 1510 1551 traditae,
1535 1500 1670 1542 immo

114 1571 247 1626 plane
281 1570 555 1625 cogitatione
587 1571 694 1612 ficta
727 1578 808 1613 est.
852 1571 1148 1625 Progreditur
1181 1575 1329 1613 autem
1362 1571 1558 1612 narratio
1582 1586 1670 1612 non

115 1641 392 1697 respondens
434 1656 581 1683 rerum
624 1646 820 1683 actarum
865 1642 1010 1691 seriei,
1053 1646 1209 1697 utpote
1252 1656 1364 1697 quae
1407 1657 1432 1682 a
1469 1641 1669 1696 perfecto

115 1712 246 1754 initio
279 1712 325 1753 in
358 1712 485 1768 peius
520 1712 777 1754 descendat.
842 1712 1010 1754 Contra
1049 1727 1314 1768 progressus
1349 1726 1477 1767 quem
1500 1712 1545 1753 in
1580 1727 1671 1753 car-

114 1783 309 1824 minibus
333 1783 586 1825 Homericis
620 1783 872 1825 invenimus
905 1783 948 1824 in
983 1783 1239 1825 universum
1274 1798 1299 1823 a
1330 1797 1572 1838 progressu
1596 1782 1673 1837 qui

115 1868 162 1896 re
204 1854 350 1896 factus
384 1857 453 1895 est
485 1868 573 1895 non
608 1855 832 1896 aljihorret.
896 1854 1004 1895 Veri
1038 1857 1181 1895 status
1215 1854 1574 1895 observationem
1606 1853 1671 1894 in-

116 1925 237 1966 dicat
249 1925 277 1968 3.
341 1926 543 1981 Apparet
576 1925 717 1980 igitur
749 1925 866 1966 hunc
898 1939 1187 1980 progressum
1221 1939 1246 1966 a
1278 1925 1525 1966 mutaticme
1559 1939 1673 1979 (111910

114 1996 372 2038 narratione
416 1996 666 2038 trimembri
710 1996 932 2051 descripta
978 2000 1074 2037 erat
1114 1995 1247 2051 plane
1291 1995 1514 2037 diversum
1558 2009 1668 2037 esse.

114 2067 266 2108 Etiam
308 2067 392 2109 hac
433 2068 495 2108 in.
523 2082 571 2109 re
605 2067 806 2109 clarioris
839 2067 998 2108 Ionum
1030 2067 1287 2108 intellec-tus
1323 2072 1365 2108 01
1398 2066 1673 2121 perspicacis

116 2138 313 2180 omnium
354 2153 502 2180 rerum
547 2138 876 2180 observationis
922 2153 1052 2193 quam
1102 2137 1372 2179 admiramur
1420 2136 1672 2192 exemplum

114 2209 343 2251 habemus.

236 2342 245 2359 ¹
272 2340 296 2375 1.
316 2350 348 2374 a.
374 2351 411 2385 p.
432 2340 495 2375 181
517 2339 550 2373 A
570 2340 600 2373 1.
644 2339 774 2373 Antea
799 2336 1225 2372 Preller—Robert
1252 2337 1276 2371 1.
1296 2347 1327 2371 a.
1354 2348 1390 2381 p.
1411 2338 1454 2372 79
1473 2336 1522 2371 de
1540 2336 1612 2370 hac
1628 2346 1673 2370 re

116 2399 316 2435 disseruit.

234 2459 246 2478 2
272 2457 375 2493 Huic
407 2457 467 2493 rei
502 2459 608 2492 certe
642 2468 721 2492 non
758 2458 964 2502 repugnat,
1004 2456 1108 2500 quod
1148 2456 1266 2490 etiam
1305 2454 1459 2489 illorum
1497 2454 1671 2498 priorum

116 2517 275 2563 quidam
302 2528 324 2552 a
350 2516 434 2552 deis
460 2517 646 2562 prognati
672 2516 864 2560 dicuntur,
891 2515 1000 2550 velut
1026 2515 1227 2549 Hercules.
1270 2514 1445 2548 Heroum
1470 2512 1672 2557 proprium·

113 2577 178 2612 hic
204 2576 254 2611 ad
278 2575 430 2621 priores
456 2575 692 2610 translatum
719 2576 789 2610 est.

233 2636 246 2655 ²³
274 2636 372 2671 Cum
407 2636 647 2670 mercatores
682 2634 806 2669 Ionici
840 2634 879 2668 in
913 2632 1231 2679 navigationibus
1267 2632 1408 2678 gentes
1442 2631 1593 2665 feroces
1630 2630 1673 2665 et

116 2695 222 2731 omni
257 2694 364 2730 cultu
399 2695 579 2729 carentes
615 2695 918 2739 cognoscerent,
956 2692 1041 2727 fieri
1075 2691 1226 2737 potuit,
1264 2692 1308 2725 ut
1344 2690 1463 2725 etiam
1498 2689 1672 2734 ipsorum

115 2757 276 2801 gentem
302 2754 394 2789 olim
421 2753 611 2789 incultam
646 2753 767 2788 fuisse
795 2752 1084 2787 concluderent.
1135 2749 1339 2785 Eiusmodi
1370 2748 1501 2794 gentis
1527 2758 1669 2782 memo-

114 2814 213 2849 riam
238 2813 278 2848 in
296 2813 611 2859 Laestrygonum
631 2812 898 2857 descriptione
915 2811 1050 2857 vigere
1076 2811 1173 2856 puto
1198 2820 1297 2854 quae
1315 2819 1449 2843 verum
1477 2807 1673 2852 quendam

117 2875 265 2908 statum
289 2872 486 2918 respicere
511 2872 670 2907 videtur
694 2871 871 2906 versibus
899 2870 968 2905 Od.
988 2871 1024 2904 X
1050 2871 1199 2905 98—99.
