1923 3288
840 214 1131 252 —12-

199 343 247 383 in
279 357 319 383 v.
346 344 395 383 91
433 350 618 396 propter
651 344 915 396 sequentem
944 355 1123 382 versum
1158 340 1355 382 scribere
1388 355 1478 382 non
1511 355 1763 396 possumus.

198 412 291 454 Sed
324 412 459 454 facile
492 412 592 453 fieri
634 411 797 466 potuit,
842 414 891 452 ut
923 425 1081 452 versus
1125 410 1348 452 simillimi
1381 413 1433 452 91
1470 414 1515 452 et
1553 413 1634 452 113
1668 425 1765 466 per-

200 483 511 524 miscerentur.
575 482 734 536 Itaque
774 481 1023 523 verisimile
1065 481 1176 522 mihi
1208 481 1390 523 videtur
1420 497 1462 524 v.
1499 484 1580 522 113
1613 481 1765 522 verbis

201 554 363 607 νόσφιν
405 553 508 605 ἄτερ
556 553 732 594 νούσων
774 552 978 608 coepisse
1011 578 1068 582 —
1100 552 1225 594 tituli
1266 567 1477 594 numerus
1519 551 1765 607 singularis

200 640 280 679 per
322 639 368 666 se
410 628 548 679 patet.
622 623 953 665 Gravissimum
995 626 1145 665 autem
1190 626 1272 673 est,
1317 622 1436 678 quod
1476 623 1587 664 haec
1628 622 1765 664 lectio

199 709 364 736 aureae
409 695 573 736 aetatis
620 694 918 750 descriptioni
961 694 1130 749 optime
1172 693 1429 748 respondet,
1477 693 1584 749 quin
1629 693 1766 735 etiam

201 781 386 808 necesse
429 770 525 808 erat
566 766 760 807 indicari
801 765 905 807 illos
949 765 1155 807 homines
1199 765 1366 806 morbis
1409 764 1578 806 liberos
1610 764 1765 814 fuisse,

199 837 321 893 quod
355 837 492 879 etiam
525 837 571 878 in
605 836 812 879 versibus
847 840 1020 877 90—92
1055 836 1119 885 fit,
1155 836 1232 877 ubi
1265 835 1320 877 ad
1354 850 1536 877 auream
1568 838 1765 877 aetatem

199 908 432 950 alluditur.
482 908 634 950 Etiam
668 912 803 963 poeta
837 908 913 963 qui
947 907 1030 949 Od.
1054 908 1156 958 XV,
1191 908 1429 949 403—414
1451 902 1593 948 ”vitam
1625 906 1767 947 homi-

200 995 306 1021 num
341 980 386 1021 in
422 979 556 1035 Syria
589 979 737 1021 insula
770 979 1073 1021 habitantium
1108 978 1328 1020 describit
1360 978 1533 1019 indicat

1235 1087 1257 1113 o
1267 1072 1341 1114 2³65
1373 1087 1409 1114 τι
1418 1087 1438 1125 ς
1472 1072 1583 1126 ἄλλη
1681 1074 1765 1113 407

206 1160 368 1209 νοῦσος
401 1158 469 1198 ἐπὶ
506 1157 693 1211 στυγερὴ
727 1157 905 1198 nis-'flerat
942 1156 1122 1197 (δειλοῖσι
1158 1155 1399 1209 βροτοῖσιν.
1682 1158 1767 1195 408

686 1312 754 1354 De
789 1312 1007 1354 versibus
1044 1310 1288 1353 121—126.

321 1406 375 1447 In
408 1406 478 1447 his
511 1405 719 1447 versibus
763 1405 875 1447 duae
914 1405 1069 1446 insunt
1103 1404 1414 1446 difficultates.
1478 1403 1680 1445 Primum
1721 1403 1767 1445 in

201 1477 410 1519 versibus
439 1479 667 1517 122-123
703 1476 947 1531 quaeritur,
982 1480 1132 1517 utrum
1166 1479 1318 1517 textus
1347 1474 1581 1516 codicibus
1604 1474 1767 1516 Hesio-

201 1549 300 1590 deis
334 1549 529 1590 traditus
555 1562 686 1603 quem
709 1547 865 1589 Rzach
898 1547 943 1588 in
969 1547 1246 1589 editionibus
1279 1546 1430 1588 reddit
1456 1545 1678 1588 tenendus
1711 1560 1767 1587 an

201 1635 303 1662 cum
328 1621 504 1661 Leonel
530 1623 575 1661 et
597 1619 680 1661 Ed.
705 1618 919 1675 Meyero2
944 1622 1096 1660 textus
1122 1632 1252 1673 quem
1275 1617 1409 1659 Plato
1433 1617 1621 1673 praebet
1643 1631 1769 1673 prae-

203 1691 416 1733 ferendus
451 1691 523 1732 sit.
578 1690 756 1732 Deinde
790 1690 835 1731 in
859 1690 1065 1732 versibus
1093 1692 1337 1739 124—125‚
1371 1694 1522 1730 utrum
1546 1688 1767 1730 Hesiodei

201 1778 259 1805 an
292 1768 453 1818 postea
486 1762 646 1804 inserti
681 1761 784 1812 sint,
821 1761 1026 1817 quaestio
1061 1766 1143 1802 est.

322 1834 392 1875 Ab
427 1834 510 1875 hac
544 1833 828 1888 incipiamus.
882 1831 1071 1873 Plurimi
1105 1832 1378 1887 interpretes
1413 1836 1457 1872 et
1490 1830 1688 1873 editores
1722 1830 1769 1871 in

203 1920 394 1961 quorum
428 1919 613 1946 numero
649 1905 785 1946 etiam
809 1904 962 1946 Rzach
992 1907 1062 1945 est
1084 1917 1241 1945 versus
1264 1902 1469 1944 Hesiodo
1493 1901 1767 1951 abiudicant‚

203 1977 284 2018 sed
329 1991 473 2031 neque
520 1976 683 2018 desunt
728 1975 804 2031 qui
849 1990 1005 2017 versus
1050 1974 1195 2017 teneri
1240 1988 1373 2030 posse
1418 1977 1600 2029 putent,
1643 1973 1769 2015 velut

202 2048 397 2089 Βο111163
442 2051 487 2089 et
528 2061 671 2103 nuper
703 2046 802 2088 Fuss
817 2047 844 2088 4.
909 2046 1079 2088 Versus
1123 2048 1379 2101 congruunt
1422 2059 1517 2086 cum
1562 2043 1768 2086 versibus

204 2121 453 2160 254—-255,
489 2118 638 2172 Quare
658 2132 819 2160 aureae
843 2117 1008 2159 aetatis
1033 2117 1274 2158 daemones
1298 2116 1418 2158 idem
1441 2129 1540 2157 esse
1558 2114 1770 2156 videntur

202 2195 340 2245 atque
374 2190 415 2231 ei
449 2190 503 2231 de
538 2189 698 2245 quibus
732 2189 937 2231 versibus
972 2190 1055 2229 252
1076 2203 1170 2243 sqq.
1205 2191 1341 2243 poeta
1374 2186 1499 2228 dicit.
1562 2186 1630 2228 Re
1665 2200 1770 2227 vera

203 2264 355 2302 autem
389 2275 477 2302 non
512 2260 633 2302 idem
667 2264 771 2302 sunt
804 2263 848 2302 et
870 2274 1028 2301 versus
1056 2261 1285 2300 124—125
1320 2257 1374 2299 ab
1409 2271 1571 2298 aureae
1604 2256 1769 2298 aetatis

203 2332 474 2374 daemonum
499 2331 804 2387 descriptione
828 2331 1086 2372 abhorrent.
1136 2329 1288 2371 Verbo
1313 2328 1433 2370 enim
1466 2327 1768 2370 πλουτοὸότω

204 2406 264 2457 (v.
293 2407 391 2457 126)
423 2404 504 2444 hos
535 2403 776 2444 daemones
800 2401 1059 2444 hominibus
1083 2401 1237 2442 favere
1261 2402 1462 2455 apparet.
1515 2399 1662 2440 Versu
1690 2400 1771 2439 124

202 2478 355 2517 autem
379 2475 449 2516 ius
474 2480 519 2516 et
542 2474 745 2515 facinora
769 2474 1012 2515 observare
1031 2467 1254 2522 dicuntur,
1279 2471 1327 2512 id
1350 2474 1431 2521 est,
1456 2469 1502 2511 id
1523 2469 1768 2519 enituntur,

204 2550 255 2588 ut
296 2545 500 2587 facinora
541 2545 587 2586 in
630 2545 776 2587 lucem
818 2544 1005 2586 veniant
1049 2547 1094 2585 et
1134 2542 1300 2584 nefarii
1333 2541 1588 2597 puniantur.
1653 2540 1770 2582 Sane

205 2620 445 2672 utrumque
470 2616 738 2658 daemonum
770 2630 914 2671 genus
939 2614 1106 2656 dicitur
1140 2614 1339 2667 φύλακες
1370 2612 1558 2666 θνητῶν
1591 2611 1769 2664 ἀνθρώ-

201 2702 320 2736 πων,
365 2688 444 2729 sed
485 2702 696 2729 versuum
741 2689 820 2728 121
843 2701 936 2741 sqq.
981 2685 1181 2739 φύλακες
1222 2684 1301 2726 3111
1335 2687 1440 2725 sunt
1472 2687 1607 2738 atque
1641 2682 1683 2724 ei
1716 2681 1770 2723 de

204 2759 369 2814 quibus
392 2759 598 2800 versibus
624 2762 708 2800 252
729 2773 821 2813 sqq.
849 2758 1014 2813 agitur.
1051 2756 1183 2811 Quod
1206 2755 1387 2811 quidem
1411 2754 1580 2810 optime
1605 2767 1771 2808 cogno-

328 2919 336 2937 ¹
365 2917 564 2952 Hesiodea
590 2928 626 2962 p.
647 2918 701 2951 17.
849 2917 861 2936 ‘2
888 2916 912 2951 l.
933 2927 964 2950 a.
983 2927 1019 2960 p.
1042 2917 1120 2958 175,
1146 2916 1177 2949 A
1209 2917 1238 2948 1.

324 2977 338 2995 ³
364 2977 517 3021 Psyche
544 2977 556 2995 ⁵
576 2978 588 2993 ‘³
615 2987 651 3021 p.
669 2977 726 3019 9ss,
753 2977 787 3010 A
814 2978 844 3010 1.
991 2976 1002 2993 ⁴
1030 2975 1052 3008 l.
1073 2986 1105 3009 a.
1124 2985 1160 3019 p.
1180 2974 1236 3017 38,
1256 2974 1288 3007 A
1316 2975 1348 3007 2.
