1923 3288
846 211 1136 250 —·56—

214 340 342 381 initia
377 340 605 381 hominum
640 346 812 394 spectat
846 338 1026 379 tertium
1063 337 1333 379 narrationis
1371 338 1516 379 locum
1551 338 1769 389 obtineat,

214 411 408 465 perspici
450 417 571 465 111110.
618 409 725 460 Iam,
762 409 878 463 quod
911 423 1048 450 aenea
1092 415 1215 450 aetas
1258 424 1356 449 611111
1397 408 1771 450 antecedentibus

214 481 491 522 extrinsecus
544 488 717 521 tantum
770 480 1007 521 coniuncta
1050 486 1117 520 est
1161 487 1203 520 et
1246 479 1395 521 verbis
1440 479 1519 521 οὐκ
1563 479 1766 532 ἀργυρέῳ

214 552 345 591 οἶνὸέν
377 551 536 604 ὁμοῖον
560 561 616 599 (v.
641 552 740 603 144)
775 551 828 591 311
863 559 1076 605 argentea
1112 559 1365 605 separatur,
1408 566 1496 591 11011
1540 550 1768 592 miramur.

330 628 439 678 Iam,
475 627 591 683 quod
616 627 668 668 de
692 627 948 668 narratione
973 627 1201 668 Hesiodea
1235 627 1439 668 effecisse
1462 627 1573 668 mihi
1594 626 1767 678 videor⁷

213 699 420 740 brevibus
457 698 843 754 comprehendam.
901 698 1227 754 Complectitur
1258 698 1456 740 narratio
1498 713 1634 739 unum
1666 712 1771 753 pro-

212 784 414 820 gressum
461 785 587 825 quem
632 784 683 810 eo
726 769 952 810 Hesiodus
986 769 1183 824 paravit,
1225 770 1340 825 quod
1373 769 1418 811 in
1463 768 1767 810 narrationem

211 841 516 881 trimembrem
558 840 767 881 traditam
806 840 1074 881 sententiam
1109 855 1239 895 quam
1282 841 1398 896 apud
1431 841 1678 882 Homerum
1712 839 1770 880 de

210 911 439 952 hominum
472 925 713 966 progressu
749 911 982 952 invenerat
1015 910 1218 952 inseruit.

968 1053 1008 1096 3.

326 1148 421 1189 Iam
447 1148 499 1188 de
524 1147 663 1189 1011113
686 1147 958 1189 narrationis
983 1147 1238 1189 Hesiodeae
1258 1147 1444 1189 consilio
1470 1147 1765 1203 disputemus.

209 1218 307 1259 Hoc
352 1218 542 1260 maxime
586 1234 608 1260 e
651 1219 804 1274 quinta
849 1225 996 1260 aetate
1049 1218 1223 1259 elucere
1267 1218 1381 1259 vidit
1425 1217 1588 1260 Steitz:
1648 1218 1770 1268 „Fur

209 1289 382 1331 Hesiod
414 1289 473 1330 ist
498 1289 568 1330 die
594 1289 894 1344 Schilderung
928 1289 1005 1331 des
1039 1289 1242 1330 eisernen
1276 1289 1441 1339 Alters,
1478 1290 1554 1331 des
1587 1289 1767 1331 funften

210 1360 278 1401 1161
322 1360 437 1411 111111,
482 1360 779 1414 eigentlicher
819 1361 985 1402 Zweck
1026 1361 1117 1401 und
1149 1360 1246 1401 Ziel
1280 1360 1426 1402 seiner
1457 1360 1767 1415 Diclm1ng.“1

208 1431 318 1472 Inde
353 1431 407 1472 311
439 1431 570 1472 initio
593 1431 725 1472 liuius
749 1431 890 1487 partis
915 1431 1263 1487 descriptionem
1288 1446 1342 1473 ex
1364 1431 1555 1473 Hesiodi
1578 1431 1763 1486 ingenio

208 1502 473 1557 profiuxisse
509 1502 760 1544 statuimus.
815 1501 959 1555 Quam
993 1518 1110 1543 nunc
1139 1502 1391 1544 accuratius
1416 1503 1765 1544 consideremus.

325 1579 466 1620 Poeta
490 1579 619 1621 valde
645 1580 792 1621 animo
818 1588 1066 1621 commotus
1099 1586 1180 1622 est.
1229 1580 1329 1621 Hoc
1361 1580 1513 1621 statim
1547 1594 1601 1621 ex
1633 1580 1765 1622 initio

208 1650 375 1695 elucet:
418 1651 549 1706 plane
590 1651 720 1692 aliter
762 1651 873 1692 haec
915 1658 1039 1692 aetas
1082 1650 1383 1692 introducitur
1425 1655 1556 1706 atque
1589 1651 1766 1706 priores

209 1736 374 1765 onmes,
428 1722 569 1763 Poeta
594 1721 726 1763 initio
750 1722 917 1763 tradito
942 1722 1152 1777 neglecto
1186 1721 1323 1763 animi
1347 1722 1529 1763 affectui
1553 1736 1599 1764 se
1625 1722 1765 1763 dedit.

205 1792 416 1843 Accedit,
462 1793 574 1848 quod
616 1793 760 1834 Lehrs
801 1808 957 1834 versus
993 1796 1075 1834 174
1091 1808 1154 1848 sq.
1186 1808 1274 1834 non
1319 1798 1577 1835 constanter
1619 1793 1768 1835 dictos

208 1877 305 1905 esse
349 1864 563 1919 cognovit
580 1864 606 1905 ²..
660 1865 761 1905 Non
796 1868 946 1905 tamen
980 1864 1247 1920 intellegere
1280 1864 1364 1905 hoc
1398 1864 1569 1905 studuit
1584 1898 1602 1923 ⁹.
1628 1864 1768 1906 immo

207 1942 386 1989 poetam
430 1935 718 1990 vituperavit.
783 1935 961 1991 Reapse
1005 1950 1027 1976 a
1071 1943 1203 1991 poeta
1247 1935 1319 1976 hic
1363 1935 1471 1976 duas
1515 1935 1766 1977 sententias

327 2090 335 2107 ¹
364 2088 387 2123 1.
408 2099 439 2122 3.
467 2100 503 2133 p.
522 2091 578 2123 61.

324 2148 336 2167 ²
361 2148 462 2182 Vide
482 2148 549 2183 Go
563 2148 849 2183 ettl.-Flach
876 2149 925 2184 ad
946 2161 979 2183 v.
1003 2150 1079 2184 174.
1121 2149 1244 2184 Lehrs
1263 2149 1480 2184 sententias
1499 2150 1608 2184 recte
1627 2149 1767 2184 dissol-

205 2206 273 2241 vit.
323 2208 357 2241 A
384 2217 460 2251 quo
487 2207 668 2242 Fussium
704 2208 741 2251 11,
762 2220 794 2243 3.
821 2220 857 2253 p.
877 2210 921 2243 :39
948 2209 982 2242 A
1001 2210 1035 2251 1)
1071 2219 1150 2243 non
1184 2208 1284 2243 bene
1311 2208 1539 2243 discessisse
1572 2211 1667 2254 puto
1694 2209 1766 2243 has

205 2265 423 2300 sententias
459 2267 721 2301 statuentem:
761 2267 870 2309 „Dass
906 2267 969 2302 ich
1005 2267 1105 2302 doch
1140 2267 1249 2302 nicht
1283 2268 1393 2302 mehr
1428 2270 1592 2312 (μηκέτι)
1627 2268 1767 2314 gelebt

204 2325 326 2368 hatte,
354 2325 410 2360 als
437 2325 506 2360 das
533 2326 662 2360 sunfte
690 2326 930 2361 Geschlecht
951 2326 1052 2361 Zeus
1080 2326 1211 2361 schuf“
1241 2328 1281 2361 et
1310 2326 1420 2369 „Dafi
1447 2327 1507 2361 ich
1534 2327 1633 2362 doch
1661 2327 1764 2362 dann

206 2385 524 2425 ‹asma-:nach
561 2385 651 2419 dem
686 2385 837 2420 vierten
865 2385 1120 2421 Gesehleehti
1155 2385 1265 2420 nichtv
1298 2390 1414 2421 unter
1449 2386 1525 2421 den
1551 2387 1764 2421 Menschen

205 2443 273 2478 des
299 2444 455 2478 funften
474 2444 732 2479 Geschlechts
750 2445 891 2480 lebte.“
932 2444 1141 2480 Sententia
1157 2445 1283 2490 prima
1308 2445 1407 2480 falsa
1426 2449 1506 2489 est3
1533 2448 1768 2490 sequeretur

205 2502 307 2537 enim
326 2503 544 2538 Hesiodum
571 2503 692 2538 etiam
719 2505 981 2539 antecedente
1001 2506 1134 2539 aetate
1151 2504 1307 2539 vixisse.
1346 2504 1448 2539 Sane
1468 2505 1587 2539 etiam
1606 2504 1765 2539 Steitz

206 2562 243 2597 tl.
264 2574 294 2596 a.
330 2574 366 2607 p.
386 2564 445 2603 64)
483 2564 523 2597 et
558 2563 732 2598 Rohde
768 2563 806 2606 (l.
826 2574 858 2598 a,
881 2575 920 2609 p.
949 2565 1008 2599 93»
1044 2563 1261 2599 Hesiodum
1295 2564 1463 2598 ferream
1498 2564 1672 2598 aetatem
1706 2563 1764 2598 in·

206 2621 418 2666 cipientem
444 2625 585 2667 putare
613 2623 900 2667 concluserunt,
929 2634 949 2658 e
968 2623 1100 2658 verbis
1130 2623 1149 2666 ἦ
1177 2623 1326 2666 πρόσθε
1357 2623 1497 2665 θανεῖν,
1524 2627 1568 2657 ut
1593 2623 1764 2658 videtur.

203 2681 347 2715 Tamen
382 2681 457 2716 hoc
490 2681 577 2716 fieri
611 2692 688 2716 non
714 2684 868 2727 potest:
905 2683 1066 2717 heroum
1102 2684 1212 2717 aetas
1239 2682 1405 2717 Hesiodi
1440 2684 1620 2727 tempore
1644 2682 1764 2727 plane

204 2740 419 2785 praeterita
447 2743 541 2775 erat.
598 2741 769 2785 Accedit,
805 2741 910 2786 quod
937 2752 957 2775 e
983 2741 1114 2776 verbis
1151 2742 1170 2784 ἦ
1206 2741 1353 2783 πρόσθε
1382 2741 1517 2777 θανεῖν
1542 2740 1762 2776 Hesiodum

204 2799 322 2834 etiam
357 2802 448 2834 ante
484 2800 661 2844 quintam
696 2802 869 2835 aetatem
895 2800 1041 2836 vixisse
1075 2800 1309 2835 concludere
1336 2801 1544 2836 nonlicet.
1594 2800 1764 2835 Locutio

203 2859 366 2893 ‘utinam
403 2860 520 2893 antea
554 2865 730 2894 mortuus
767 2861 905 2895 essem'
940 2860 1040 2894 nihil
1077 2859 1183 2894 aliud
1222 2859 1457 2905 significant,
1496 2860 1573 2895 nisi
1598 2851 1762 2895 ‘utinam

202 2919 319 2953 antea
333 2918 539 2953 vixissem'.
578 2918 654 2953 Pro
681 2918 764 2953 vita
790 2919 878 2954 finis
905 2919 1013 2954 vitae
1038 2919 1246 2963 indicatur,
1272 2919 1378 2964 quod
1403 2920 1567 2965 propter
1592 2929 1764 2964 sequens

203 2977 376 3019 γενέσθαι
404 2978 551 3012 factum
579 2988 665 3012 esse
691 2982 861 3023 apparet.
