1923 3288
610 800 747 853 Libri
789 803 1147 864 conspectus.

94 1014 329 1050 Exordium:
365 1024 465 1059 quae
499 1013 602 1048 ratio
629 1011 850 1047 intercedat
877 1012 983 1046 inter
1008 1011 1275 1046 narrationem
1302 1010 1350 1045 de
1378 1011 1515 1046 aetati-

189 1073 262 1109 bus
289 1074 331 1109 et
355 1074 484 1108 totum
510 1072 680 1117 Operum
708 1082 863 1106 carmen
915 1097 1514 1105 ...........

770 1189 985 1224 Tractatio.

95 1275 193 1321 Cap.
253 1275 291 1310 I:
319 1273 574 1319 quaestiones
602 1272 762 1308 criticae
796 1296 1514 1307 .............

96 1346 192 1392 Cap.
234 1345 292 1380 11:
320 1344 415 1390 quid
442 1355 463 1379 e
488 1343 727 1379 narrationis
754 1342 1030 1387 discrepantiis
1059 1340 1311 1377 efficiendum
1338 1340 1390 1375 sit

298 1431 301 1433 -
324 1407 354 1439 1.
382 1403 673 1449 discrepantiae
701 1402 941 1448 colliguntur
974 1426 1513 1436 ..........

322 1465 354 1498 2.
380 1463 554 1498 virorum
581 1462 786 1497 doctorum
813 1460 1036 1496 sententiae
1062 1460 1348 1505 percensentur
1391 1489 1396 1494 .
1450 1487 1456 1494 .
1509 1486 1515 1493 .

322 1524 355 1558 3
382 1521 672 1567 discrepantiae
699 1520 801 1556 unde
829 1521 939 1555 ortae
967 1519 1045 1554 sint
1073 1519 1282 1564 exponitur
1331 1545 1339 1554 .
1510 1546 1516 1553 .

322 1584 356 1617 4.
382 1581 620 1616 narrationis
637 1581 772 1626 partes
792 1579 1034 1624 antiquiores
1054 1578 1100 1613 ab
1128 1577 1176 1613 iis
1204 1588 1299 1623 quas
1318 1576 1517 1612 Hesiodus

383 1639 576 1675 adiecisse
600 1639 760 1674 videtur
786 1638 1065 1684 disiunguntur
1095 1663 1516 1672 ........

97 1712 194 1758 Cap.
220 1711 297 1747 III:
325 1711 374 1747 de
399 1710 638 1746 narrationis
666 1709 900 1754 antiquioris
927 1708 1080 1754 origine
1108 1709 1149 1744 et
1175 1719 1292 1743 sensu
1331 1735 1338 1742 .
1391 1735 1397 1742 .

323 1773 356 1806 1.
383 1770 432 1806 de
451 1771 584 1805 aetate
603 1780 721 1804 aurea
739 1768 992 1814 (comparatis
1012 1767 1263 1813 opinionibus
1282 1766 1518 1808 Homericis)

323 1831 356 1865 2.
383 1829 433 1864 de
460 1831 593 1864 aetate
621 1830 813 1874 argentea
856 1852 1517 1863 ............

323 1891 355 1925 3.
383 1889 432 1924 de
459 1888 756 1933 antiquissimae
783 1887 1021 1922 narrationis
1048 1887 1281 1933 argumento
1309 1890 1350 1921 et
1376 1896 1519 1920 sensu.

322 1951 356 1984 4.
383 1948 433 1983 de
459 1947 612 1994 origine
638 1949 680 1982 et
706 1958 824 1982 sensu
849 1946 1051 1982 nominum
1096 1971 1518 1980 ........

323 2010 356 2044 5.
383 2007 432 2042 de
456 2018 585 2042 rerum
611 2007 868 2041 humanarum
902 2016 1115 2052 progressu
1141 2004 1236 2050 quid
1270 2006 1414 2050 poetae
1441 2003 1519 2038 Ho-

382 2066 518 2102 merici
546 2065 740 2101 senserint
801 2089 1519 2101 .............

97 2138 194 2184 Cap.
222 2138 295 2173 IV:
323 2137 372 2173 de
397 2137 636 2173 narrationis
662 2136 888 2172 Hesiodeae
915 2136 1068 2182 origine
1096 2137 1136 2170 et
1164 2146 1281 2170 sensu
1333 2161 1339 2169 .
1392 2162 1399 2169 .
1451 2161 1458 2168 .
1511 2161 1518 2168 .

327 2200 357 2233 1.
384 2197 480 2242 quid
496 2196 695 2232 Hesiodus
723 2195 772 2230 de
797 2195 1023 2230 narratione
1050 2193 1325 2239 antiquissima
1352 2191 1520 2228 senserit

323 2259 356 2292 2.
384 2256 432 2292 de
458 2256 579 2291 tertia
606 2259 645 2291 et
672 2258 812 2300 quarta
839 2255 973 2289 aetate
998 2253 1149 2288 inserta
1218 2278 1520 2288 ......

325 2318 357 2351 3.
385 2315 480 2361 quid
505 2314 704 2350 Hesiodus
731 2314 931 2360 legentem
960 2313 1101 2348 docere
1127 2311 1298 2347 voluerit
1335 2338 1341 2345 .
1394 2338 1400 2345 .
1453 2338 1459 2345 .

98 2386 224 2422 Finis:
252 2387 301 2422 de
329 2386 494 2422 Hesiodi
519 2386 745 2421 narratione
771 2384 960 2420 iudicium
980 2408 1520 2419 ..........

1587 984 1658 1010 pag.

1617 1945 1662 1978 2ยน45

1617 2063 1662 2096 49

1618 2134 1662 2168 52

1619 2194 1662 2226 :32

1618 2251 1664 2284 53

1618 2311 1663 2342 515

1619 2381 1663 2413 {33
