1923 3288
738 221 1024 259 *⁶25—

220 347 454 389 Discernit
476 347 523 388 in
540 347 797 389 narratione
817 347 926 389 duas
944 352 1095 402 partes
1115 361 1301 402 quarum
1319 346 1461 402 prima
1480 360 1660 388 auream

101 423 150 461 et
182 422 445 474 argenteam
467 422 664 460 aetatem
699 419 959 460 continente
982 418 1210 460 Hesiodus
1243 417 1373 459 fictos
1408 421 1552 459 status
1586 417 1659 458 de-

101 490 275 546 pingat.
345 490 497 531 Aureo
543 489 719 531 saeculo
764 489 1015 545 perfectum
1060 489 1182 531 vitae
1226 489 1446 530 humanae
1493 493 1659 529 statum

100 575 201 603 eum
247 559 491 615 depingere
535 559 768 601 contendit
811 574 941 615 quem
985 559 1242 601 hominibus
1286 559 1527 600 salutarem
1570 573 1659 600 non

99 645 201 673 esse
222 644 369 685 neque
390 644 654 686 permanere
677 644 810 685 posse
833 634 1052 685 argentea
1075 633 1224 671 aetate
1248 629 1470 671 ostendat.
1504 630 1660 671 Aenea

98 704 251 743 aetate
282 704 463 756 poetam
487 700 615 755 quasi
648 700 793 745 denuo
817 700 1016 756 incipere
1040 704 1097 750 et,
1133 715 1232 742 cum
1254 699 1481 755 prioribus
1504 699 1659 741 fictum

99 776 269 814 statum
312 771 583 827 depinxerit,
629 771 921 830 sequentibus
965 771 1054 812 13111
1096 785 1252 813 verum
1292 771 1522 812 hominum
1561 784 1660 825 pro-

100 857 322 898 gressum,
355 856 405 883 re
435 841 618 892 factum,
654 841 911 883 describere
929 843 954 882 ¹.
1013 841 1217 883 Tertium
1250 845 1295 882 et
1329 841 1534 896 quintum
1567 855 1661 882 sae-

100 913 252 955 culum
281 913 428 969 primo
462 921 506 954 et
530 912 663 954 alteri
696 912 967 968 respondere
999 915 1142 968 putat,
1176 927 1279 953 nam
1312 912 1458 953 ferreo
1482 911 1659 953 saeculo

100 985 262 1027 eodem
301 984 435 1026 modo
477 988 612 1039 atque
656 991 873 1039 argenteo
916 984 1226 1025 antecedentis
1269 987 1413 1025 status
1447 983 1661 1038 deprava-

98 1056 272 1097 tionem
295 1054 559 1110 significari,
596 1069 865 1110 quamquam
895 1054 1038 1096 altera
1058 1054 1239 1096 fabulae
1261 1060 1402 1109 parte,
1439 1053 1659 1108 quomodo

102 1126 310 1168 homines
343 1140 369 1167 a
400 1126 501 1167 rudi
533 1126 696 1168 robore
730 1126 784 1167 ad
818 1125 959 1167 altum
983 1125 1150 1167 cultum
1184 1125 1473 1181 pervenerint
1496 1151 1550 1154 -—
1573 1125 1659 1165 1100

101 1212 127 1239 0
159 1197 355 1239 transitu
388 1197 442 1238 ab
477 1211 578 1239 aere
612 1197 666 1238 ad
700 1197 868 1238 ferrum
902 1196 1131 1238 concludit
1164 1223 1217 1226 —
1252 1196 1529 1237 ostendatur.
1593 1194 1661 1235 Ex

101 1283 156 1310 eo
199 1271 350 1310 autem
390 1272 554 1324 poetae
596 1267 824 1309 sententia
856 1267 972 1308 hanc
1012 1266 1380 1322 depravationem
1415 1266 1658 1315 exstitisse,

102 1339 224 1396 quod
264 1339 470 1381 homines
513 1339 599 1380 hoc
642 1338 765 1380 cultu
808 1338 937 1379 abusi
981 1342 1145 1379 essent.
1210 1337 1310 1379 Hoc
1343 1345 1493 1379 autem
1525 1341 1660 1392 poeta

101 1410 363 1453 narratione
405 1409 567 1451 docere
610 1409 652 1451 ei
684 1409 885 1450 videtur:
928 1423 984 1450 ne
1027 1408 1249 1464 cupiveris
1291 1408 1464 1461 (Persa)
1499 1421 1660 1448 aureae

101 1481 268 1523 aetatis
292 1484 473 1522 statum.
526 1479 656 1522 Nihil
678 1483 724 1521 te
748 1479 996 1526 adiuvaret,
1031 1479 1167 1520 immo
1192 1493 1352 1534 corpus
1386 1485 1430 1519 et
1463 1477 1659 1519 animuin

102 1552 379 1594 debilitaret.
444 1550 543 1604 Qua
588 1555 738 1592 autem
783 1550 856 1591 via
900 1549 1108 1605 procedis
1155 1549 1211 1590 ad
1256 1549 1444 1590 exitium
1489 1548 1658 1590 venies.

103 1623 232 1665 Haec
263 1637 352 1664 una
385 1622 504 1664 salus
536 1621 623 1663 tibi
655 1621 946 1676 relinquitur:
992 1635 1188 1675 agnosce
1230 1620 1355 1675 leges
1388 1619 1582 1660 Pudoris
1617 1625 1661 1660 et

100 1693 324 1736 Justitiae
357 1696 403 1735 et
434 1692 603 1734 labora.

223 1764 351 1806 Haec
393 1763 650 1819 explicatio,
696 1762 783 1804 etsi
826 1769 869 1803 et
903 1761 1227 1817 proprietatem
1261 1761 1398 1802 tertio
1431 1760 1530 1801 loco
1563 1774 1662 1815 pro-

103 1835 242 1877 latam
275 1840 321 1876 et
354 1834 515 1876 mirum
540 1833 865 1876 sententiarum
900 1847 1190 1888 progressum
1224 1846 1353 1887 quem
1386 1831 1528 1872 altero
1562 1831 1661 1872 loco

103 1905 292 1962 exposui
323 1905 523 1961 respicit,
566 1910 715 1946 tamen
751 1904 906 1945 multis
940 1904 994 1945 de
1029 1903 1176 1945 causis
1208 1903 1306 1944 veri
1340 1902 1448 1943 mihi
1482 1901 1663 1942 videtur

101 1976 423 2018 dissimillima.
487 1976 731 2031 Discrepat
763 1975 817 2016 ab
853 1989 904 2016 ea
939 1975 1151 2016 continua
1184 1973 1468 2015 metallorum
1508 1971 1660 2021 series,

102 2048 258 2090 obstat
299 2047 342 2089 ei
384 2047 504 2103 quod
545 2047 688 2088 altera
731 2054 855 2088 aetas
897 2046 952 2086 ab
996 2053 1184 2100 argento
1218 2044 1487 2085 nominatur.
1552 2041 1661 2083 Gra-

103 2119 341 2162 vissimum
375 2123 524 2160 autem
568 2125 649 2168 est,
694 2117 807 2173 quod
844 2117 1002 2172 Meyer
1044 2116 1184 2157 multa
1226 2114 1475 2156 narrationi
1508 2113 1662 2155 intulit

102 2205 219 2246 quae
251 2190 374 2232 nullo
408 2189 540 2231 modo
563 2204 646 2231 nec
670 2194 823 2244 aperte
857 2202 939 2230 nec
962 2191 1082 2229 tecte
1106 2186 1376 2228 indicantur.
1421 2185 1474 2226 In
1506 2184 1663 2240 primis

103 2276 194 2304 non
242 2266 313 2304 est
354 2261 622 2312 tenendum,
673 2260 791 2315 quod
837 2259 947 2300 duas
993 2263 1166 2300 aetates
1211 2258 1383 2313 priores
1431 2271 1456 2297 a
1501 2255 1662 2297 ceteris

104 2333 309 2388 seiungit
341 2336 385 2374 et
417 2332 550 2374 fictos
584 2336 729 2373 status
764 2331 829 2372 eis
863 2329 1059 2372 describi
1094 2327 1342 2370 contendit.
1407 2327 1532 2368 Haec
1567 2340 1664 2367 sen-

102 2403 250 2446 tentia
289 2403 415 2445 nulla
454 2418 502 2445 re
544 2402 742 2444 fulcitur.
806 2401 857 2442 In
902 2400 1099 2442 omnium
1142 2403 1340 2441 aetatum
1380 2424 1436 2427 —
1476 2401 1662 2451 excepta

104 2474 253 2516 ferrea
285 2501 340 2504 —
372 2474 519 2515 initiis
563 2473 733 2515 diserte
776 2472 943 2513 dicitur
984 2472 1179 2523 ποίησαν
1216 2469 1290 2511 vel
1322 2470 1479 2522 ποίησε
1515 2467 1587 2508 0111
1618 2466 1662 2507 111

102 2545 250 2602 prima
272 2549 423 2587 aetate
445 2545 628 2586 additur
660 2545 904 2596 πρώτιστα.
948 2541 1121 2596 Quodsi
1153 2544 1286 2597 poeta
1312 2540 1483 2581 duabus
1506 2538 1664 2594 priori-

105 2617 188 2658 bus
229 2616 468 2658 aetatibus'
500 2616 631 2657 fictos
677 2619 821 2656 status
863 2613 1118 2655 describere
1151 2612 1296 2653 voluit
1338 2616 1383 2652 et
1425 2609 1663 2651 ostendere

105 2687 248 2728 vitam
290 2686 592 2728 desideratam
634 2685 890 2727 hominibus
926 2683 1169 2725 salutarem
1201 2696 1291 2723 non
1333 2695 1444 2731 esse,
1488 2680 1567 2721 sed
1609 2679 1666 2721 ad

228 2865 237 2882 ¹
264 2863 352 2898 Hoc
388 2874 434 2898 ex
470 2873 516 2898 eo
554 2862 732 2897 effecisse
765 2861 923 2896 videtur
956 2859 1061 2905 quod
1094 2859 1208 2894 huius
1245 2858 1388 2893 aetatis
1420 2856 1597 2892 homines
1626 2857 1665 2889 ἐκ

105 2922 244 2966 μελιᾶν
267 2922 366 2957 facti
392 2933 477 2957 esse
505 2921 687 2956 dicuntur
714 2920 818 2965 quod
846 2919 1019 2955 Grafium
1047 2919 1084 2957 (l.
1105 2929 1135 2953 a.
1159 2929 1195 2963 p.
1216 2919 1273 2953 12)
1302 2924 1457 2952 secutus
1483 2921 1590 2950 recte
1618 2914 1667 2948 ad

105 2981 254 3027 primos
279 2982 458 3016 homines
484 2981 652 3015 rettulit.
